<?xml version="1.0" encoding="UTF-8"?>
<!DOCTYPE html PUBLIC "-//W3C//DTD XHTML 1.0 Transitional//EN"
    "http://www.w3.org/TR/xhtml1/DTD/xhtml1-transitional.dtd">
<html xmlns="http://www.w3.org/1999/xhtml" xml:lang="en" lang="en">
 <head>
  <title>
</title>
<meta http-equiv="Content-Type" content="text/html;charset=utf-8" />
  <meta name='ocr-system' content='tesseract 3.04.00' />
  <meta name='ocr-capabilities' content='ocr_page ocr_carea ocr_par ocr_line ocrx_word'/>
</head>
<body>
  <div class='ocr_page' id='page_1' title='image "./commentariainli02scotgoog_0509.png"; bbox 0 0 2600 4200; ppageno 0'>
   <div class='ocr_carea' id='block_1_1' title="bbox 261 230 1068 311">
    <p class='ocr_par' dir='ltr' id='par_1_1' title="bbox 261 230 1068 311">
     <span class='ocr_line' id='line_1_1' title="bbox 261 230 1068 311; baseline -0.001 -17"><span class='ocrx_word' id='word_1_1' title='bbox 261 234 450 294; x_wconf 76' lang='lat' dir='ltr'>Drsrrxcr.</span> <span class='ocrx_word' id='word_1_2' title='bbox 470 231 546 293; x_wconf 87' lang='lat' dir='ltr'>XX</span> <span class='ocrx_word' id='word_1_3' title='bbox 570 246 616 292; x_wconf 72' lang='lat' dir='ltr'>nr</span> <span class='ocrx_word' id='word_1_4' title='bbox 641 230 734 293; x_wconf 86' lang='lat' dir='ltr'>XXI</span> <span class='ocrx_word' id='word_1_5' title='bbox 761 230 946 311; x_wconf 55' lang='lat' dir='ltr'>Quasi]</span> <span class='ocrx_word' id='word_1_6' title='bbox 1010 252 1068 310; x_wconf 86' lang='lat'>231</span> 
     </span>
    </p>
   </div>
   <div class='ocr_carea' id='block_1_2' title="bbox 134 514 1125 1456">
    <p class='ocr_par' dir='ltr' id='par_1_2' title="bbox 134 514 1125 1456">
     <span class='ocr_line' id='line_1_2' title="bbox 223 514 1098 595; baseline -0.006 -15"><span class='ocrx_word' id='word_1_7' title='bbox 223 517 378 581; x_wconf 79' lang='lat' dir='ltr'>Prima</span> <span class='ocrx_word' id='word_1_8' title='bbox 405 517 622 581; x_wconf 72' lang='lat' dir='ltr'>Oorwlus‘io</span> <span class='ocrx_word' id='word_1_9' title='bbox 647 516 811 595; x_wconf 87' lang='lat' dir='ltr'>probatur</span> <span class='ocrx_word' id='word_1_10' title='bbox 834 517 903 576; x_wconf 90' lang='lat' dir='ltr'>sic:</span> <span class='ocrx_word' id='word_1_11' title='bbox 940 514 980 576; x_wconf 93' lang='lat' dir='ltr'>In</span> <span class='ocrx_word' id='word_1_12' title='bbox 1004 514 1098 595; x_wconf 88' lang='lat' dir='ltr'>&#39;quo-</span> 
     </span>
     <span class='ocr_line' id='line_1_3' title="bbox 134 623 1095 704; baseline -0.002 -19"><span class='ocrx_word' id='word_1_13' title='bbox 134 644 270 704; x_wconf 88' lang='lat' dir='ltr'>cunque</span> <span class='ocrx_word' id='word_1_14' title='bbox 293 634 384 685; x_wconf 87' lang='lat' dir='ltr'>statu</span> <span class='ocrx_word' id='word_1_15' title='bbox 419 633 534 704; x_wconf 85' lang='lat' dir='ltr'>potest</span> <span class='ocrx_word' id='word_1_16' title='bbox 566 623 670 684; x_wconf 92' lang='lat' dir='ltr'>homo</span> <span class='ocrx_word' id='word_1_17' title='bbox 705 623 880 691; x_wconf 85' lang='lat' dir='ltr'>demereri,</span> <span class='ocrx_word' id='word_1_18' title='bbox 906 624 940 683; x_wconf 90' lang='lat' dir='ltr'>in</span> <span class='ocrx_word' id='word_1_19' title='bbox 975 623 1095 683; x_wconf 90' lang='lat' dir='ltr'>eodem</span> 
     </span>
     <span class='ocr_line' id='line_1_4' title="bbox 135 729 1099 811; baseline -0.003 -19"><span class='ocrx_word' id='word_1_20' title='bbox 135 742 228 792; x_wconf 90' lang='lat' dir='ltr'>statu</span> <span class='ocrx_word' id='word_1_21' title='bbox 251 740 366 811; x_wconf 90' lang='lat' dir='ltr'>potest</span> <span class='ocrx_word' id='word_1_22' title='bbox 388 731 531 802; x_wconf 88' lang='lat' dir='ltr'>mereri;</span> <span class='ocrx_word' id='word_1_23' title='bbox 557 730 618 791; x_wconf 92' lang='lat' dir='ltr'>sed</span> <span class='ocrx_word' id='word_1_24' title='bbox 641 730 677 789; x_wconf 92' lang='lat' dir='ltr'>in</span> <span class='ocrx_word' id='word_1_25' title='bbox 704 731 869 789; x_wconf 82' lang='lat' dir='ltr'>extremis</span> <span class='ocrx_word' id='word_1_26' title='bbox 903 729 1005 791; x_wconf 93' lang='lat' dir='ltr'>homo</span> <span class='ocrx_word' id='word_1_27' title='bbox 1039 744 1099 809; x_wconf 88' lang='lat' dir='ltr'>po·</span> 
     </span>
     <span class='ocr_line' id='line_1_5' title="bbox 135 834 1097 918; baseline -0.004 -19"><span class='ocrx_word' id='word_1_28' title='bbox 135 848 204 899; x_wconf 87' lang='lat' dir='ltr'>test</span> <span class='ocrx_word' id='word_1_29' title='bbox 226 838 402 907; x_wconf 87' lang='lat' dir='ltr'>demereri,</span> <span class='ocrx_word' id='word_1_30' title='bbox 426 856 521 918; x_wconf 85' lang='lat' dir='ltr'>ergo,</span> <span class='ocrx_word' id='word_1_31' title='bbox 534 846 597 897; x_wconf 88' lang='lat' dir='ltr'>etc.</span> <span class='ocrx_word' id='word_1_32' title='bbox 623 834 670 897; x_wconf 84' lang='lat' dir='ltr'>Et</span> <span class='ocrx_word' id='word_1_33' title='bbox 692 854 753 915; x_wconf 85' lang='lat' dir='ltr'>per</span> <span class='ocrx_word' id='word_1_34' title='bbox 777 854 992 915; x_wconf 82' lang='lat' dir='ltr'>consequens</span> <span class='ocrx_word' id='word_1_35' title='bbox 1005 834 1097 896; x_wconf 89' lang='lat' dir='ltr'>valet</span> 
     </span>
     <span class='ocr_line' id='line_1_6' title="bbox 135 942 1100 1025; baseline -0.004 -20"><span class='ocrx_word' id='word_1_36' title='bbox 135 945 340 1025; x_wconf 87' lang='lat' dir='ltr'>poenitentia</span> <span class='ocrx_word' id='word_1_37' title='bbox 363 944 465 1005; x_wconf 90' lang='lat' dir='ltr'>etiam</span> <span class='ocrx_word' id='word_1_38' title='bbox 490 944 524 1004; x_wconf 90' lang='lat' dir='ltr'>in</span> <span class='ocrx_word' id='word_1_39' title='bbox 549 944 714 1004; x_wconf 87' lang='lat' dir='ltr'>extremis</span> <span class='ocrx_word' id='word_1_40' title='bbox 726 942 768 1003; x_wconf 89' lang='lat' dir='ltr'>ad</span> <span class='ocrx_word' id='word_1_41' title='bbox 793 942 948 1003; x_wconf 88' lang='lat' dir='ltr'>salutem.</span> <span class='ocrx_word' id='word_1_42' title='bbox 979 942 1100 1023; x_wconf 81' lang='lat' dir='ltr'>Confir-</span> 
     </span>
     <span class='ocr_line' id='line_1_7' title="bbox 135 1046 1125 1131; baseline -0.004 -20"><span class='ocrx_word' id='word_1_43' title='bbox 135 1058 243 1111; x_wconf 78' lang='lat' dir='ltr'>malur</span> <span class='ocrx_word' id='word_1_44' title='bbox 264 1068 325 1130; x_wconf 87' lang='lat' dir='ltr'>per</span> <span class='ocrx_word' id='word_1_45' title='bbox 348 1049 587 1131; x_wconf 86' lang='lat' dir='ltr'>Augustinum</span> <span class='ocrx_word' id='word_1_46' title='bbox 612 1050 664 1108; x_wconf 82' lang='lat' dir='ltr'>De</span> <span class='ocrx_word' id='word_1_47' title='bbox 686 1068 761 1108; x_wconf 83' lang='lat' dir='ltr'>vera</span> <span class='ocrx_word' id='word_1_48' title='bbox 795 1055 826 1107; x_wconf 81' lang='lat' dir='ltr'>et</span> <span class='ocrx_word' id='word_1_49' title='bbox 836 1046 929 1123; x_wconf 85' lang='lat' dir='ltr'>salsa</span> <span class='ocrx_word' id='word_1_50' title='bbox 947 1051 1098 1125; x_wconf 78' lang='lat' dir='ltr'>poem&#39;ien-</span> <span class='ocrx_word' id='word_1_51' title='bbox 1124 1088 1125 1091; x_wconf 56' lang='lat'><em>=</em></span> 
     </span>
     <span class='ocr_line' id='line_1_8' title="bbox 135 1155 1101 1236; baseline -0.001 -20"><span class='ocrx_word' id='word_1_52' title='bbox 135 1160 189 1224; x_wconf 76' lang='lat' dir='ltr'>tia,</span> <span class='ocrx_word' id='word_1_53' title='bbox 218 1167 252 1218; x_wconf 92' lang='lat' dir='ltr'>et</span> <span class='ocrx_word' id='word_1_54' title='bbox 274 1158 415 1236; x_wconf 91' lang='lat' dir='ltr'>ponitur</span> <span class='ocrx_word' id='word_1_55' title='bbox 441 1159 474 1215; x_wconf 85' lang='lat' dir='ltr'>in</span> <span class='ocrx_word' id='word_1_56' title='bbox 498 1158 608 1214; x_wconf 76' lang='lat' dir='ltr'>litera:</span> <span class='ocrx_word' id='word_1_57' title='bbox 625 1155 831 1234; x_wconf 85' lang='lat' dir='ltr'>poenitentia</span> <span class='ocrx_word' id='word_1_58' title='bbox 848 1155 875 1215; x_wconf 90' lang='lat' dir='ltr'>si</span> <span class='ocrx_word' id='word_1_59' title='bbox 894 1156 928 1215; x_wconf 95' lang='lat' dir='ltr'>in</span> <span class='ocrx_word' id='word_1_60' title='bbox 942 1163 1101 1215; x_wconf 88' lang='lat' dir='ltr'>extremo</span> 
     </span>
     <span class='ocr_line' id='line_1_9' title="bbox 136 1260 1098 1343; baseline -0.003 -19"><span class='ocrx_word' id='word_1_61' title='bbox 136 1266 219 1324; x_wconf 87' lang='lat' dir='ltr'>vitae</span> <span class='ocrx_word' id='word_1_62' title='bbox 244 1263 421 1323; x_wconf 85' lang='lat' dir='ltr'>advenerit</span> <span class='ocrx_word' id='word_1_63' title='bbox 444 1270 552 1331; x_wconf 87' lang='lat' dir='ltr'>sanat,</span> <span class='ocrx_word' id='word_1_64' title='bbox 577 1273 611 1322; x_wconf 89' lang='lat' dir='ltr'>et</span> <span class='ocrx_word' id='word_1_65' title='bbox 643 1262 774 1322; x_wconf 86' lang='lat' dir='ltr'>liberat.</span> <span class='ocrx_word' id='word_1_66' title='bbox 798 1260 846 1321; x_wconf 89' lang='lat' dir='ltr'>Et</span> <span class='ocrx_word' id='word_1_67' title='bbox 880 1262 1002 1341; x_wconf 90' lang='lat' dir='ltr'>probat</span> <span class='ocrx_word' id='word_1_68' title='bbox 1036 1272 1098 1343; x_wconf 86' lang='lat' dir='ltr'>per</span> 
     </span>
     <span class='ocr_line' id='line_1_10' title="bbox 137 1368 1098 1456; baseline -0.003 -25"><span class='ocrx_word' id='word_1_69' title='bbox 137 1371 223 1456; x_wconf 83' lang='lat' dir='ltr'>iilud</span> <span class='ocrx_word' id='word_1_70' title='bbox 246 1370 339 1450; x_wconf 91' lang='lat' dir='ltr'>quod</span> <span class='ocrx_word' id='word_1_71' title='bbox 358 1371 428 1449; x_wconf 85' lang='lat' dir='ltr'>jam</span> <span class='ocrx_word' id='word_1_72' title='bbox 453 1370 580 1429; x_wconf 88' lang='lat' dir='ltr'>dictum</span> <span class='ocrx_word' id='word_1_73' title='bbox 605 1379 659 1429; x_wconf 86' lang='lat' dir='ltr'>cst</span> <span class='ocrx_word' id='word_1_74' title='bbox 687 1368 863 1449; x_wconf 88' lang='lat' dir='ltr'>arguendo</span> <span class='ocrx_word' id='word_1_75' title='bbox 899 1369 940 1429; x_wconf 90' lang='lat' dir='ltr'>ad</span> <span class='ocrx_word' id='word_1_76' title='bbox 974 1370 1098 1447; x_wconf 89' lang='lat' dir='ltr'>princi-</span> 
     </span>
    </p>
   </div>
   <div class='ocr_carea' id='block_1_3' title="bbox 43 1472 1096 1557">
    <p class='ocr_par' dir='ltr' id='par_1_3' title="bbox 43 1472 1096 1557">
     <span class='ocr_line' id='line_1_11' title="bbox 43 1472 1096 1557; baseline -0.003 -19"><span class='ocrx_word' id='word_1_77' title='bbox 43 1505 47 1517; x_wconf 86' lang='lat'><em>.</em></span> <span class='ocrx_word' id='word_1_78' title='bbox 136 1478 214 1557; x_wconf 87' lang='lat' dir='ltr'>pale</span> <span class='ocrx_word' id='word_1_79' title='bbox 237 1478 279 1537; x_wconf 91' lang='lat' dir='ltr'>de</span> <span class='ocrx_word' id='word_1_80' title='bbox 302 1478 434 1539; x_wconf 90' lang='lat' dir='ltr'>latrone</span> <span class='ocrx_word' id='word_1_81' title='bbox 456 1476 554 1555; x_wconf 89' lang='lat' dir='ltr'>cujus</span> <span class='ocrx_word' id='word_1_82' title='bbox 570 1476 774 1555; x_wconf 72' lang='lat' dir='ltr'>poenitentia</span> <span class='ocrx_word' id='word_1_83' title='bbox 789 1472 854 1553; x_wconf 83' lang='lat' dir='ltr'>fuit</span> <span class='ocrx_word' id='word_1_84' title='bbox 870 1476 903 1535; x_wconf 91' lang='lat' dir='ltr'>in</span> <span class='ocrx_word' id='word_1_85' title='bbox 921 1477 1096 1537; x_wconf 84' lang='lat' dir='ltr'>extremis.</span> 
     </span>
    </p>
   </div>
   <div class='ocr_carea' id='block_1_4' title="bbox 103 1582 1191 2092">
    <p class='ocr_par' dir='ltr' id='par_1_4' title="bbox 103 1582 1191 2092">
     <span class='ocr_line' id='line_1_12' title="bbox 137 1582 1092 1664; baseline -0.002 -21"><span class='ocrx_word' id='word_1_86' title='bbox 137 1586 214 1644; x_wconf 77' lang='lat' dir='ltr'>Item</span> <span class='ocrx_word' id='word_1_87' title='bbox 238 1584 327 1644; x_wconf 89' lang='lat' dir='ltr'>idem</span> <span class='ocrx_word' id='word_1_88' title='bbox 352 1583 575 1664; x_wconf 85' lang='lat' dir='ltr'>Augustinus</span> <span class='ocrx_word' id='word_1_89' title='bbox 599 1582 691 1652; x_wconf 87' lang='lat' dir='ltr'>dicit,</span> <span class='ocrx_word' id='word_1_90' title='bbox 716 1593 750 1643; x_wconf 92' lang='lat' dir='ltr'>et</span> <span class='ocrx_word' id='word_1_91' title='bbox 773 1583 912 1662; x_wconf 92' lang='lat' dir='ltr'>ponitur</span> <span class='ocrx_word' id='word_1_92' title='bbox 936 1584 969 1641; x_wconf 85' lang='lat' dir='ltr'>in</span> <span class='ocrx_word' id='word_1_93' title='bbox 990 1584 1092 1651; x_wconf 76' lang='lat' dir='ltr'>litera,</span> 
     </span>
     <span class='ocr_line' id='line_1_13' title="bbox 137 1690 1098 1771; baseline -0.003 -19"><span class='ocrx_word' id='word_1_94' title='bbox 137 1692 229 1771; x_wconf 93' lang='lat' dir='ltr'>quod</span> <span class='ocrx_word' id='word_1_95' title='bbox 252 1690 423 1753; x_wconf 89' lang='lat' dir='ltr'>Dominus</span> <span class='ocrx_word' id='word_1_96' title='bbox 445 1699 569 1769; x_wconf 90' lang='lat' dir='ltr'>potens</span> <span class='ocrx_word' id='word_1_97' title='bbox 592 1700 645 1749; x_wconf 90' lang='lat' dir='ltr'>est</span> <span class='ocrx_word' id='word_1_98' title='bbox 669 1690 703 1749; x_wconf 92' lang='lat' dir='ltr'>in</span> <span class='ocrx_word' id='word_1_99' title='bbox 727 1700 836 1749; x_wconf 91' lang='lat' dir='ltr'>morte</span> <span class='ocrx_word' id='word_1_100' title='bbox 860 1690 1039 1769; x_wconf 86' lang='lat' dir='ltr'>praemiare</span> <span class='ocrx_word' id='word_1_101' title='bbox 1063 1698 1098 1749; x_wconf 89' lang='lat' dir='ltr'>et</span> 
     </span>
     <span class='ocr_line' id='line_1_14' title="bbox 137 1780 1191 1878; baseline -0.004 -19"><span class='ocrx_word' id='word_1_102' title='bbox 137 1801 259 1878; x_wconf 89' lang='lat' dir='ltr'>punire</span> <span class='ocrx_word' id='word_1_103' title='bbox 283 1808 317 1858; x_wconf 89' lang='lat' dir='ltr'>et</span> <span class='ocrx_word' id='word_1_104' title='bbox 336 1798 457 1877; x_wconf 88' lang='lat' dir='ltr'>juvare</span> <span class='ocrx_word' id='word_1_105' title='bbox 481 1798 570 1857; x_wconf 88' lang='lat' dir='ltr'>si‘cut</span> <span class='ocrx_word' id='word_1_106' title='bbox 592 1796 715 1875; x_wconf 88' lang='lat' dir='ltr'>placet,</span> <span class='ocrx_word' id='word_1_107' title='bbox 737 1796 818 1876; x_wconf 83' lang='lat' dir='ltr'>quia</span> <span class='ocrx_word' id='word_1_108' title='bbox 841 1816 909 1857; x_wconf 89' lang='lat' dir='ltr'>non</span> <span class='ocrx_word' id='word_1_109' title='bbox 933 1805 986 1857; x_wconf 85' lang='lat' dir='ltr'>est</span> <span class='ocrx_word' id='word_1_110' title='bbox 1010 1814 1099 1875; x_wconf 90' lang='lat' dir='ltr'>opus</span> <span class='ocrx_word' id='word_1_111' title='bbox 1185 1780 1191 1793; x_wconf 18' lang='grc' dir='ltr'>Κ</span> 
     </span>
     <span class='ocr_line' id='line_1_15' title="bbox 137 1900 1098 1983; baseline -0.004 -17"><span class='ocrx_word' id='word_1_112' title='bbox 137 1905 286 1966; x_wconf 89' lang='lat' dir='ltr'>hominis</span> <span class='ocrx_word' id='word_1_113' title='bbox 310 1904 370 1964; x_wconf 89' lang='lat' dir='ltr'>sed</span> <span class='ocrx_word' id='word_1_114' title='bbox 394 1903 459 1963; x_wconf 88' lang='lat' dir='ltr'>Dei</span> <span class='ocrx_word' id='word_1_115' title='bbox 483 1900 635 1963; x_wconf 83' lang='lat' dir='ltr'>fructosa</span> <span class='ocrx_word' id='word_1_116' title='bbox 658 1904 862 1983; x_wconf 87' lang='lat' dir='ltr'>poenitentia</span> <span class='ocrx_word' id='word_1_117' title='bbox 878 1911 911 1963; x_wconf 94' lang='lat' dir='ltr'>et</span> <span class='ocrx_word' id='word_1_118' title='bbox 927 1904 1098 1983; x_wconf 85' lang='lat' dir='ltr'>inspirare</span> 
     </span>
     <span class='ocr_line' id='line_1_16' title="bbox 103 2006 1098 2092; baseline -0.005 -19"><span class='ocrx_word' id='word_1_119' title='bbox 103 2034 106 2041; x_wconf 94' lang='lat'>·</span> <span class='ocrx_word' id='word_1_120' title='bbox 137 2022 251 2092; x_wconf 85' lang='lat' dir='ltr'>potest</span> <span class='ocrx_word' id='word_1_121' title='bbox 274 2029 348 2072; x_wconf 85' lang='lat' dir='ltr'>eam</span> <span class='ocrx_word' id='word_1_122' title='bbox 372 2010 645 2090; x_wconf 82' lang='lat' dir='ltr'>quandocunque</span> <span class='ocrx_word' id='word_1_123' title='bbox 669 2008 744 2070; x_wconf 90' lang='lat' dir='ltr'>vult</span> <span class='ocrx_word' id='word_1_124' title='bbox 768 2006 830 2069; x_wconf 89' lang='lat' dir='ltr'>sua</span> <span class='ocrx_word' id='word_1_125' title='bbox 854 2009 1098 2071; x_wconf 87' lang='lat' dir='ltr'>misericordia.</span> 
     </span>
    </p>
   </div>
   <div class='ocr_carea' id='block_1_5' title="bbox 101 2223 1101 3479">
    <p class='ocr_par' dir='ltr' id='par_1_5' title="bbox 137 2223 1101 3050">
     <span class='ocr_line' id='line_1_17' title="bbox 229 2223 1096 2303; baseline -0.006 -16"><span class='ocrx_word' id='word_1_126' title='bbox 229 2225 416 2288; x_wconf 75' lang='lat' dir='ltr'>Secunda</span> <span class='ocrx_word' id='word_1_127' title='bbox 444 2223 661 2286; x_wconf 68' lang='lat' dir='ltr'>Ootwlrcxio</span> <span class='ocrx_word' id='word_1_128' title='bbox 685 2223 848 2303; x_wconf 91' lang='lat' dir='ltr'>probatur</span> <span class='ocrx_word' id='word_1_129' title='bbox 865 2223 924 2293; x_wconf 86' lang='lat' dir='ltr'>sie,</span> <span class='ocrx_word' id='word_1_130' title='bbox 942 2223 1022 2302; x_wconf 83' lang='lat' dir='ltr'>quia</span> <span class='ocrx_word' id='word_1_131' title='bbox 1038 2223 1096 2283; x_wconf 92' lang='lat' dir='ltr'>ubi</span> 
     </span>
     <span class='ocr_line' id='line_1_18' title="bbox 138 2329 1100 2411; baseline -0.004 -19"><span class='ocrx_word' id='word_1_132' title='bbox 138 2343 190 2393; x_wconf 89' lang='lat' dir='ltr'>est</span> <span class='ocrx_word' id='word_1_133' title='bbox 206 2333 313 2411; x_wconf 86' lang='lat' dir='ltr'>major</span> <span class='ocrx_word' id='word_1_134' title='bbox 336 2331 548 2410; x_wconf 86' lang='lat' dir='ltr'>perturbatio</span> <span class='ocrx_word' id='word_1_135' title='bbox 571 2329 848 2409; x_wconf 88' lang='lat' dir='ltr'>phantasmatum</span> <span class='ocrx_word' id='word_1_136' title='bbox 868 2331 913 2389; x_wconf 93' lang='lat' dir='ltr'>ibi</span> <span class='ocrx_word' id='word_1_137' title='bbox 926 2337 978 2389; x_wconf 85' lang='lat' dir='ltr'>est</span> <span class='ocrx_word' id='word_1_138' title='bbox 994 2329 1100 2389; x_wconf 91' lang='lat' dir='ltr'>homo</span> 
     </span>
     <span class='ocr_line' id='line_1_19' title="bbox 138 2435 1097 2517; baseline -0.003 -18"><span class='ocrx_word' id='word_1_139' title='bbox 138 2440 252 2499; x_wconf 90' lang='lat' dir='ltr'>minus</span> <span class='ocrx_word' id='word_1_140' title='bbox 275 2456 416 2517; x_wconf 89' lang='lat' dir='ltr'>compos</span> <span class='ocrx_word' id='word_1_141' title='bbox 440 2439 492 2497; x_wconf 90' lang='lat' dir='ltr'>sui</span> <span class='ocrx_word' id='word_1_142' title='bbox 517 2447 551 2496; x_wconf 88' lang='lat' dir='ltr'>et</span> <span class='ocrx_word' id='word_1_143' title='bbox 577 2437 692 2496; x_wconf 92' lang='lat' dir='ltr'>minus</span> <span class='ocrx_word' id='word_1_144' title='bbox 726 2436 829 2496; x_wconf 88' lang='lat' dir='ltr'>habet</span> <span class='ocrx_word' id='word_1_145' title='bbox 864 2454 963 2496; x_wconf 91' lang='lat' dir='ltr'>usum</span> <span class='ocrx_word' id='word_1_146' title='bbox 999 2435 1097 2496; x_wconf 83' lang='lat' dir='ltr'>liberi</span> 
     </span>
     <span class='ocr_line' id='line_1_20' title="bbox 138 2543 1100 2622; baseline -0.004 -16"><span class='ocrx_word' id='word_1_147' title='bbox 138 2546 290 2616; x_wconf 90' lang='lat' dir='ltr'>arbitrii;</span> <span class='ocrx_word' id='word_1_148' title='bbox 315 2544 375 2604; x_wconf 87' lang='lat' dir='ltr'>sed</span> <span class='ocrx_word' id='word_1_149' title='bbox 400 2545 434 2605; x_wconf 91' lang='lat' dir='ltr'>in</span> <span class='ocrx_word' id='word_1_150' title='bbox 459 2545 623 2604; x_wconf 86' lang='lat' dir='ltr'>extremis</span> <span class='ocrx_word' id='word_1_151' title='bbox 646 2552 699 2604; x_wconf 90' lang='lat' dir='ltr'>est</span> <span class='ocrx_word' id='word_1_152' title='bbox 723 2543 1100 2622; x_wconf 88' lang='lat' dir='ltr'>maximaperturbatio</span> 
     </span>
     <span class='ocr_line' id='line_1_21' title="bbox 137 2650 1101 2732; baseline -0.003 -20"><span class='ocrx_word' id='word_1_153' title='bbox 137 2652 436 2732; x_wconf 89' lang='lat' dir='ltr'>phantasmatum;</span> <span class='ocrx_word' id='word_1_154' title='bbox 461 2670 544 2732; x_wconf 87' lang='lat' dir='ltr'>ergo</span> <span class='ocrx_word' id='word_1_155' title='bbox 569 2659 650 2711; x_wconf 90' lang='lat' dir='ltr'>tunc</span> <span class='ocrx_word' id='word_1_156' title='bbox 673 2650 775 2710; x_wconf 92' lang='lat' dir='ltr'>homo</span> <span class='ocrx_word' id='word_1_157' title='bbox 800 2659 852 2710; x_wconf 85' lang='lat' dir='ltr'>est</span> <span class='ocrx_word' id='word_1_158' title='bbox 875 2651 989 2710; x_wconf 86' lang='lat' dir='ltr'>minus</span> <span class='ocrx_word' id='word_1_159' title='bbox 1010 2667 1101 2709; x_wconf 90' lang='lat' dir='ltr'>com·</span> 
     </span>
     <span class='ocr_line' id='line_1_22' title="bbox 137 2755 1096 2839; baseline -0.004 -20"><span class='ocrx_word' id='word_1_160' title='bbox 137 2778 202 2839; x_wconf 91' lang='lat' dir='ltr'>pos</span> <span class='ocrx_word' id='word_1_161' title='bbox 224 2759 277 2819; x_wconf 78' lang='lat' dir='ltr'>sui</span> <span class='ocrx_word' id='word_1_162' title='bbox 302 2766 336 2817; x_wconf 90' lang='lat' dir='ltr'>et</span> <span class='ocrx_word' id='word_1_163' title='bbox 359 2759 473 2818; x_wconf 93' lang='lat' dir='ltr'>minus</span> <span class='ocrx_word' id='word_1_164' title='bbox 496 2757 598 2817; x_wconf 87' lang='lat' dir='ltr'>habet</span> <span class='ocrx_word' id='word_1_165' title='bbox 622 2775 722 2816; x_wconf 91' lang='lat' dir='ltr'>usum</span> <span class='ocrx_word' id='word_1_166' title='bbox 746 2755 843 2816; x_wconf 91' lang='lat' dir='ltr'>liberi</span> <span class='ocrx_word' id='word_1_167' title='bbox 869 2756 1008 2816; x_wconf 89' lang='lat' dir='ltr'>arbitrii.</span> <span class='ocrx_word' id='word_1_168' title='bbox 1026 2755 1096 2817; x_wconf 92' lang='lat' dir='ltr'>Ubi</span> 
     </span>
     <span class='ocr_line' id='line_1_23' title="bbox 138 2862 1098 2926; baseline -0.003 -1"><span class='ocrx_word' id='word_1_169' title='bbox 138 2875 252 2926; x_wconf 89' lang='lat' dir='ltr'>autem</span> <span class='ocrx_word' id='word_1_170' title='bbox 276 2883 344 2924; x_wconf 94' lang='lat' dir='ltr'>non</span> <span class='ocrx_word' id='word_1_171' title='bbox 368 2873 420 2924; x_wconf 90' lang='lat' dir='ltr'>est</span> <span class='ocrx_word' id='word_1_172' title='bbox 444 2883 527 2924; x_wconf 92' lang='lat' dir='ltr'>usus</span> <span class='ocrx_word' id='word_1_173' title='bbox 550 2862 648 2923; x_wconf 89' lang='lat' dir='ltr'>liberi</span> <span class='ocrx_word' id='word_1_174' title='bbox 666 2863 795 2923; x_wconf 88' lang='lat' dir='ltr'>arbitrii</span> <span class='ocrx_word' id='word_1_175' title='bbox 814 2863 859 2923; x_wconf 92' lang='lat' dir='ltr'>ibi</span> <span class='ocrx_word' id='word_1_176' title='bbox 877 2883 944 2923; x_wconf 93' lang='lat' dir='ltr'>non</span> <span class='ocrx_word' id='word_1_177' title='bbox 962 2863 1098 2923; x_wconf 88' lang='lat' dir='ltr'>videtur</span> 
     </span>
     <span class='ocr_line' id='line_1_24' title="bbox 138 2969 881 3050; baseline -0.005 -17"><span class='ocrx_word' id='word_1_178' title='bbox 138 2991 214 3033; x_wconf 87' lang='lat' dir='ltr'>esse</span> <span class='ocrx_word' id='word_1_179' title='bbox 238 2969 410 3032; x_wconf 87' lang='lat' dir='ltr'>sufficiens</span> <span class='ocrx_word' id='word_1_180' title='bbox 432 2971 637 3050; x_wconf 86' lang='lat' dir='ltr'>poenitentia</span> <span class='ocrx_word' id='word_1_181' title='bbox 660 2970 702 3029; x_wconf 89' lang='lat' dir='ltr'>ad</span> <span class='ocrx_word' id='word_1_182' title='bbox 727 2969 881 3030; x_wconf 89' lang='lat' dir='ltr'>salutem.</span> 
     </span>
    </p>

    <p class='ocr_par' dir='ltr' id='par_1_6' title="bbox 101 3076 1100 3479">
     <span class='ocr_line' id='line_1_25' title="bbox 227 3076 1098 3156; baseline -0.002 -18"><span class='ocrx_word' id='word_1_183' title='bbox 227 3078 396 3145; x_wconf 78' lang='lat' dir='ltr'>Proelerca,</span> <span class='ocrx_word' id='word_1_184' title='bbox 425 3076 562 3138; x_wconf 86' lang='lat' dir='ltr'>habitus</span> <span class='ocrx_word' id='word_1_185' title='bbox 588 3077 736 3137; x_wconf 85' lang='lat' dir='ltr'>vitiosus</span> <span class='ocrx_word' id='word_1_186' title='bbox 770 3087 898 3156; x_wconf 91' lang='lat' dir='ltr'>quanto</span> <span class='ocrx_word' id='word_1_187' title='bbox 932 3076 1011 3155; x_wconf 89' lang='lat' dir='ltr'>plus</span> <span class='ocrx_word' id='word_1_188' title='bbox 1045 3085 1098 3136; x_wconf 88' lang='lat' dir='ltr'>est</span> 
     </span>
     <span class='ocr_line' id='line_1_26' title="bbox 101 3183 1099 3272; baseline -0.004 -26"><span class='ocrx_word' id='word_1_189' title='bbox 101 3251 104 3256; x_wconf 62' lang='grc'><strong>,</strong></span> <span class='ocrx_word' id='word_1_190' title='bbox 138 3195 362 3272; x_wconf 71' lang='lat' dir='ltr'>aggravatus</span> <span class='ocrx_word' id='word_1_191' title='bbox 388 3193 483 3245; x_wconf 89' lang='lat' dir='ltr'>tanto</span> <span class='ocrx_word' id='word_1_192' title='bbox 506 3185 585 3264; x_wconf 92' lang='lat' dir='ltr'>plus</span> <span class='ocrx_word' id='word_1_193' title='bbox 609 3183 751 3244; x_wconf 87' lang='lat' dir='ltr'>inclinat</span> <span class='ocrx_word' id='word_1_194' title='bbox 774 3183 816 3244; x_wconf 85' lang='lat' dir='ltr'>ad</span> <span class='ocrx_word' id='word_1_195' title='bbox 841 3193 937 3243; x_wconf 89' lang='lat' dir='ltr'>actus</span> <span class='ocrx_word' id='word_1_196' title='bbox 964 3184 1099 3262; x_wconf 92' lang='lat' dir='ltr'>opposi-</span> 
     </span>
     <span class='ocr_line' id='line_1_27' title="bbox 138 3290 1100 3372; baseline -0.004 -19"><span class='ocrx_word' id='word_1_197' title='bbox 138 3305 192 3353; x_wconf 92' lang='lat' dir='ltr'>tos</span> <span class='ocrx_word' id='word_1_198' title='bbox 215 3293 440 3372; x_wconf 66' lang='lat' dir='ltr'>poenitentiae,</span> <span class='ocrx_word' id='word_1_199' title='bbox 466 3292 542 3352; x_wconf 89' lang='lat' dir='ltr'>ideo</span> <span class='ocrx_word' id='word_1_200' title='bbox 566 3291 703 3352; x_wconf 90' lang='lat' dir='ltr'>habitus</span> <span class='ocrx_word' id='word_1_201' title='bbox 719 3292 866 3351; x_wconf 90' lang='lat' dir='ltr'>vitiosus</span> <span class='ocrx_word' id='word_1_202' title='bbox 883 3291 917 3350; x_wconf 89' lang='lat' dir='ltr'>in</span> <span class='ocrx_word' id='word_1_203' title='bbox 934 3290 1100 3350; x_wconf 87' lang='lat' dir='ltr'>extremis</span> 
     </span>
     <span class='ocr_line' id='line_1_28' title="bbox 138 3395 1099 3479; baseline -0.004 -19"><span class='ocrx_word' id='word_1_204' title='bbox 138 3399 281 3460; x_wconf 89' lang='lat' dir='ltr'>inclinat</span> <span class='ocrx_word' id='word_1_205' title='bbox 304 3400 347 3459; x_wconf 89' lang='lat' dir='ltr'>ad</span> <span class='ocrx_word' id='word_1_206' title='bbox 370 3407 467 3458; x_wconf 90' lang='lat' dir='ltr'>actus</span> <span class='ocrx_word' id='word_1_207' title='bbox 490 3399 668 3479; x_wconf 89' lang='lat' dir='ltr'>oppositos</span> <span class='ocrx_word' id='word_1_208' title='bbox 692 3399 915 3476; x_wconf 84' lang='lat' dir='ltr'>poenitentiae.</span> <span class='ocrx_word' id='word_1_209' title='bbox 934 3395 1033 3456; x_wconf 86' lang='lat' dir='ltr'>Hanc</span> <span class='ocrx_word' id='word_1_210' title='bbox 1049 3415 1099 3456; x_wconf 91' lang='lat' dir='ltr'>ra-</span> 
     </span>
    </p>
   </div>
   <div class='ocr_carea' id='block_1_6' title="bbox 137 3500 1194 3586">
    <p class='ocr_par' dir='ltr' id='par_1_7' title="bbox 137 3500 1194 3586">
     <span class='ocr_line' id='line_1_29' title="bbox 137 3500 1194 3586; baseline -0.004 -20"><span class='ocrx_word' id='word_1_211' title='bbox 137 3508 267 3567; x_wconf 92' lang='lat' dir='ltr'>tionem</span> <span class='ocrx_word' id='word_1_212' title='bbox 290 3505 404 3586; x_wconf 88' lang='lat' dir='ltr'>tangit</span> <span class='ocrx_word' id='word_1_213' title='bbox 427 3503 650 3585; x_wconf 84' lang='lat' dir='ltr'>Augustinus</span> <span class='ocrx_word' id='word_1_214' title='bbox 674 3506 707 3562; x_wconf 82' lang='lat' dir='ltr'>in</span> <span class='ocrx_word' id='word_1_215' title='bbox 731 3505 823 3563; x_wconf 74' lang='lat' dir='ltr'>litera</span> <span class='ocrx_word' id='word_1_216' title='bbox 849 3503 986 3564; x_wconf 89' lang='lat' dir='ltr'>dicens:</span> <span class='ocrx_word' id='word_1_217' title='bbox 1011 3500 1097 3563; x_wconf 89' lang='lat' dir='ltr'>Cum</span> <span class='ocrx_word' id='word_1_218' title='bbox 1192 3568 1194 3572; x_wconf 59' lang='grc'>,</span> 
     </span>
    </p>
   </div>
   <div class='ocr_carea' id='block_1_7' title="bbox 136 3594 1099 3692">
    <p class='ocr_par' dir='ltr' id='par_1_8' title="bbox 136 3594 1099 3692">
     <span class='ocr_line' id='line_1_30' title="bbox 136 3594 1099 3692; baseline -0.005 -19"><span class='ocrx_word' id='word_1_219' title='bbox 136 3594 199 3674; x_wconf 85' lang='lat' dir='ltr'>iiiii</span> <span class='ocrx_word' id='word_1_220' title='bbox 224 3631 311 3692; x_wconf 87' lang='lat' dir='ltr'>quos</span> <span class='ocrx_word' id='word_1_221' title='bbox 335 3611 453 3672; x_wconf 89' lang='lat' dir='ltr'>illicite</span> <span class='ocrx_word' id='word_1_222' title='bbox 477 3611 600 3671; x_wconf 88' lang='lat' dir='ltr'>dilexit</span> <span class='ocrx_word' id='word_1_223' title='bbox 624 3612 693 3671; x_wconf 89' lang='lat' dir='ltr'>sint</span> <span class='ocrx_word' id='word_1_224' title='bbox 716 3619 915 3690; x_wconf 81' lang='lat' dir='ltr'>praesentes,</span> <span class='ocrx_word' id='word_1_225' title='bbox 940 3619 974 3670; x_wconf 89' lang='lat' dir='ltr'>et</span> <span class='ocrx_word' id='word_1_226' title='bbox 998 3628 1099 3680; x_wconf 76' lang='lat' dir='ltr'>uxor„</span> 
     </span>
    </p>
   </div>
   <div class='ocr_carea' id='block_1_8' title="bbox 0 0 1309 4200">
    <p class='ocr_par' dir='ltr' id='par_1_9' title="bbox 0 0 1309 4200">
     <span class='ocr_line' id='line_1_31' title="bbox 0 0 1309 4200; baseline 0 0"><span class='ocrx_word' id='word_1_227' title='bbox 0 0 1309 4200; x_wconf 95' lang='lat' dir='ltr'> </span> 
     </span>
    </p>
   </div>
  </div>
 </body>
</html>
