2600 4200
313 213 502 278 Drsrmcr.
521 213 691 276 XXXVI
716 214 868 296 Quiesr.
887 210 921 278 II
1018 238 1056 295 3²
1063 239 1080 295 3

139 391 227 454 liber
250 394 324 454 sive
348 412 469 454 servus
493 393 577 454 velit
600 413 677 456 esse
693 403 875 456 contentus
887 396 954 456 ista
969 395 1106 456 modica

138 508 319 578 potestate,
344 509 459 580 potest
481 501 547 562 sibi
571 501 806 582 praejudicare‚
831 511 866 562 et
889 510 982 562 tenet
1016 519 1106 564 com·

139 607 295 668 mutatio.

230 799 291 862 AD
315 813 589 864 ARGUMENTUM
613 803 646 860 in
671 804 863 862 contrarium
899 802 976 863 dic'o
1011 804 1106 884 quod

138 925 262 968 servus
285 926 353 968 non
376 915 430 970 est
453 907 582 970 domini
606 909 660 970 sui
674 909 860 970 secundum
878 911 1002 978 omnia,
1021 911 1104 989 quia

139 1013 194 1074 sui
214 1013 301 1094 juris
325 1023 378 1074 est
402 1015 445 1076 ad
468 1014 714 1078 comedendum
738 1024 772 1077 et
797 1015 840 1075 ad
862 1015 1047 1078 bibendum
1069 1026 1104 1078 et

138 1127 175 1181 et
197 1119 242 1181 ad
264 1119 351 1184 alios
373 1129 469 1182 actus
494 1121 551 1202 qui
578 1140 645 1182 non
663 1121 869 1184 subtrahunt
885 1122 1024 1183 domino
1036 1141 1105 1184 ser-

138 1227 226 1287 vitia
248 1237 420 1290 consueta.
447 1225 513 1290 Vel
537 1227 636 1288 aliter
659 1237 773 1306 potest
797 1228 875 1297 dici,
900 1237 934 1289 et
967 1229 1102 1298 melius,

136 1333 232 1412 quod
255 1351 376 1396 servus
401 1353 469 1396 non
485 1343 600 1416 potest
611 1334 692 1396 dare
704 1352 828 1414 corpus
845 1353 945 1396 suum
963 1336 1105 1415 inquan-

137 1447 212 1502 tum
235 1439 384 1504 alienum
408 1440 640 1502 subtrahendo
657 1441 770 1519 ipsum
783 1460 803 1502 a
815 1442 957 1502 servitio
973 1441 1102 1503 domini

137 1547 207 1617 sui;
232 1547 293 1608 sed
316 1546 401 1608 alias
424 1555 539 1626 potest
561 1546 642 1606 dare
666 1547 695 1608 si
720 1547 807 1608 alter
822 1548 1008 1628 conjugum
1026 1566 1105 1610 con-

137 1661 337 1724 tentaretur,
363 1653 444 1734 quia
467 1662 505 1714 ut
528 1655 577 1714 sic
602 1672 670 1714 non
694 1652 753 1714 dat
776 1654 935 1716 alienum.

496 1897 680 1979 Qnrnsno
704 1900 749 1961 ΙΙ.

240 2041 294 2103 Ad
314 2042 479 2103 terrendam
510 2042 717 2116 Quoesle'onem
742 2045 787 2103 sic
805 2044 1002 2123 proceditur:
1103 2040 1113 2047 ”

228 2201 377 2263 Videtur
399 2202 492 2283 quod
514 2202 598 2264 ordo
622 2221 718 2265 sacer
741 2222 809 2264 non
842 2205 1006 2283 impediat
1035 2224 1105 2266 rna-

136 2309 393 2370 matrimonium
417 2318 455 2370 ut
478 2318 572 2389 patet
595 2330 623 2369 r.
640 2310 685 2369 ad
706 2310 785 2370 Tim.
807 2329 840 2385 3.
858 2308 995 2371 Dicitur
1010 2312 1103 2373 enim

139 2416 186 2475 ibi
210 2416 302 2495 quod
325 2414 520 2495 Episcopus
544 2416 646 2479 debet
669 2435 745 2477 esse
770 2418 872 2478 unius
896 2418 1016 2478 uxoris
1033 2419 1101 2489 vir;

136 2522 200 2583 sed
223 2520 453 2603 Episcopatus
477 2530 529 2585 est
552 2522 650 2591 ord0;
676 2541 770 2603 ergo.

227 2629 267 2689 In
290 2631 462 2706 oppositum
486 2638 539 2691 est
556 2628 641 2689 illud
656 2630 798 2690 canonis
813 2629 883 2689 dist.
897 2648 951 2705 32.
969 2628 1104 2691 Placuit

138 2734 340 2816 Episcopus,
383 2734 599 2815 Prebyteros,
641 2724 825 2804 Diaconos,
866 2733 1104 2798 Subdiaconos

136 2843 324 2903 secundum
349 2844 464 2921 priora
488 2843 644 2903 instituta
662 2843 840 2903 'abstinere
863 2843 907 2903 ab
923 2843 1101 2912 uxoribus,

137 2943 228 3011 idest
250 2967 318 3009 non
343 2948 552 3018 contrahere,
577 2958 615 3010 ut
639 2948 722 3010 dicit
747 2948 879 3029 glossa;
905 2967 990 3029 ergo
1017 2948 1104 3010 ordo

136 3074 234 3117 sacer
258 3054 400 3135 impedit
423 3056 688 3117 matrimonium.

228 3160 271 3223 IN
296 3174 381 3222 ISTA
413 3160 658 3242 QUAESTIONE‚
694 3160 877 3223 Conclusio
911 3170 964 3222 est
999 3168 1102 3230 certa,

135 3268 232 3349 quod
255 3268 338 3329 ordo
363 3286 458 3329 sacer
486 3269 648 3349 impediat
682 3269 937 3329 matrimonium
971 3278 1103 3329 contra-

138 3374 287 3436 hendum
312 3384 346 3436 et
369 3376 498 3436 dirimit
518 3375 588 3455 jam
613 3384 837 3443 contractum,
862 3384 900 3435 ut
924 3384 1018 3454 patet
1041 3393 1103 3454 per

136 3482 265 3543 multas
279 3483 496 3543 auctoritates
508 3501 594 3561 quas
608 3480 779 3562 Magister
793 3480 931 3542 adducit
947 3484 980 3539 in
996 3482 1099 3547 litera,

136 3598 173 3649 et
197 3588 315 3649 multae
339 3608 384 3649 ex
408 3590 458 3649 eis
486 3588 656 3649 habentur
691 3589 725 3648 in
761 3586 899 3648 Canone
931 3588 1015 3647 Dist.
1048 3606 1101 3662 3²-
