2600 4200
271 273 459 334 Dismaros.
477 270 575 332 xvn
601 269 749 352 Qunsr.
774 272 788 333 Ι
973 284 1032 349 137

116 474 230 537 nolebat
251 476 444 558 passionem,
457 496 533 537 cum
546 484 630 537 esset
654 476 898 539 disconveniens
921 495 989 538 suae
1004 495 1059 537 na-

117 589 194 654 turae,
206 593 235 645 et
257 592 366 644 tamen
389 583 541 644 voluntas
561 582 673 644 divina
686 583 826 645 volebat.
842 582 875 646 Si
891 591 1002 644 autem
1016 581 1058 644 lo·

116 688 229 767 quimur
251 689 341 752 tertio
365 689 457 751 niodo
478 690 521 751 de
543 689 714 752 voluntate
746 688 883 751 naturali
907 689 1059 750 delibera-

118 794 180 866 tiva,
201 797 242 858 sie
264 797 337 858 dico
359 797 451 878 quod
475 796 535 858 ista
558 816 687 877 semper
711 795 771 858 fuit
801 795 978 858 conformis
1002 816 1058 857 vo-

119 901 217 965 luntati
239 904 366 968 divinae.

172 1117 228 1178 AD
249 1132 391 1181 PRIMUM
429 1130 648 1180 PRINCIPALE
674 1137 826 1178 concessa
862 1117 984 1198 nrajore
1007 1136 1062 1177 ne-

120 1233 199 1302 getur
220 1225 332 1298 minor,
345 1225 424 1306 quia
441 1244 506 1285 non
531 1225 682 1285 obstante
695 1224 784 1304 quod
809 1223 840 1284 in
855 1221 983 1286 Christo
1000 1222 1062 1284 sint

119 1328 182 1390 duae
202 1332 391 1403 voluntates,
416 1330 517 1392 habet
539 1331 641 1392 altera
666 1329 849 1392 dominium
874 1329 922 1390 soi
954 1337 1061 1402 actus;

120 1443 146 1495 et
165 1437 286 1518 quando
309 1437 427 1499 dicitur
439 1438 530 1517 quod
554 1437 700 1518 sequitur
714 1446 842 1498 motum
865 1435 997 1498 alterius
1009 1453 1063 1496 vo-

121 1541 234 1604 luntatis
253 1545 373 1605 scilicet
396 1543 526 1616 divinae,
563 1544 636 1605 dico
661 1543 750 1624 quod
787 1563 851 1604 non
876 1543 962 1604 valet
986 1541 1063 1623 quia

120 1646 248 1712 Verbum
270 1670 440 1713 assumens
464 1661 625 1723 naturam,
651 1649 774 1710 nullam
799 1647 899 1710 habet
923 1647 1066 1710 activita-

119 1762 174 1816 tem
197 1758 356 1839 propriam
369 1777 468 1837 super
492 1765 642 1818 naturam
656 1764 861 1837 assumptam
887 1775 986 1836 quam
1000 1775 1065 1816 non

119 1859 203 1924 habet
222 1872 290 1926 tota
312 1864 466 1926 Trinitas.
490 1899 534 1908 -
560 1862 622 1924 Vel
647 1862 747 1934 aliter,
762 1862 941 1924 seeundum
967 1881 1065 1922 unam

118 1969 287 2047 opinionem
311 1991 387 2051 quae
412 1969 506 2050 ponit
530 1970 619 2050 quod
644 1969 796 2030 voluntas
819 1976 867 2030 est
890 1989 987 2030 causa
1012 1967 1067 2028 im-

119 2075 242 2139 mediate
263 2078 312 2140 sui
336 2086 430 2140 actus
452 2084 484 2138 et
509 2075 616 2138 totalis
640 2095 747 2149 causa,
770 2083 802 2137 et
827 2084 905 2138 tunc
930 2095 995 2137 non
1024 2095 1068 2136 se-

118 2182 212 2260 quitur
234 2194 363 2247 motum
381 2184 518 2272 alterius
542 2182 739 2257 voluntatis;
764 2183 821 2244 sed
845 2182 996 2243 voluntas
1024 2181 1070 2242 di·

119 2288 182 2351 vina
203 2291 292 2371 ponit
314 2291 518 2352 voluntatem
543 2301 688 2351 creatam
713 2289 747 2350 in
771 2308 840 2351 esse
863 2298 895 2351 et
919 2288 993 2350 sinit
1021 2289 1069 2368 ip-

119 2414 181 2457 sum
203 2398 321 2459 moveri
344 2398 473 2459 actibus
501 2396 575 2458 suis¹

175 2504 228 2565 Ad
245 2504 421 2567 secundum
443 2503 560 2565 dicitur
583 2502 674 2584 quod
702 2521 768 2564 non
804 2502 947 2583 sequitur
979 2502 1068 2583 quod

120 2606 250 2673 Christus
270 2612 311 2673 sit
335 2612 403 2673 duo
426 2611 571 2670 volentes
594 2609 672 2690 quia
696 2608 779 2670 sicut
803 2608 922 2690 pluries
945 2608 1069 2670 dictum

120 2725 160 2775 est
171 2717 198 2779 in
209 2716 468 2798 praecedentibus
483 2714 756 2789 distinctionibus
773 2725 924 2777 concreta
938 2736 1002 2776 non
1017 2735 1073 2775 nu-

122 2834 269 2886 merantur
292 2844 352 2886 nec
365 2821 590 2905 plurificantur
614 2820 809 2903 plurificantis
832 2822 1001 2883 abstractis
1015 2821 1071 2881 nisi

119 2934 177 2989 tam
188 2930 289 2993 forma
312 2950 415 3013 quam
428 2929 634 3010 suppositum
650 2927 860 3009 plurificetor;
879 2938 911 2990 ot
928 2928 1004 3009 quia
1022 2927 1073 2989 hic

119 3045 160 3095 est
181 3058 277 3099 unum
290 3034 499 3119 suppositum
524 3035 597 3097 ideo
613 3046 664 3097 est
680 3055 783 3097 unum
801 3037 921 3099 volens.
949 3036 1073 3115 Quem-

120 3142 284 3206 admodum
320 3144 419 3205 etiam
454 3143 486 3203 in
512 3142 642 3206 Christo
681 3151 759 3203 sunt
795 3143 869 3203 duae
906 3140 1074 3203 filiationes

119 3257 148 3308 et
166 3260 269 3313 tamen
293 3250 443 3314 Christus
474 3258 612 3311 nonest
646 3250 713 3311 duo
751 3247 806 3310 tilii
842 3249 898 3309 sed
934 3269 1018 3309 unus
1042 3246 1075 3309 fi-

121 3353 181 3429 lius,
204 3366 239 3419 ut
261 3356 368 3439 patuit
394 3377 503 3437 supra.

176 3464 230 3524 Ad
250 3463 382 3526 tertium
411 3471 549 3545 negetur
573 3463 681 3545 maJ'or
714 3462 848 3542 quando
887 3461 918 3522 in
957 3461 1071 3521 eadem

117 3587 244 3647 persona
265 3579 342 3632 sunt
365 3579 491 3643 naturae
515 3590 590 3650 quae
625 3568 749 3631 habent
781 3568 995 3649 proprietates
1029 3589 1077 3629 es-

115 3675 277 3739 sentiatiter
300 3675 468 3766 distinctas
492 3676 575 3737 sicut
598 3685 648 3738 est
672 3675 704 3737 in
739 3674 918 3757 proposito,
943 3673 1019 3754 quia
1044 3674 1074 3735 in
