2600 4200
221 209 277 268 102

191 385 275 444 bent
298 385 497 464 subJectum.
523 384 625 465 Quod
649 395 762 446 autem
797 386 871 446 sola
905 387 1080 464 quantitas
1110 385 1155 445 sit

194 491 238 551 ibi
265 493 339 552 sine
364 491 526 572 subjecto,
552 493 716 579 probatur
756 562 759 569 ,

281 597 393 657 ‘Primo
417 600 480 659 sic:
507 589 724 678 Impossibile
748 608 801 659 est
824 598 955 677 aliquid
977 581 1054 659 esse
1081 600 1155 660 sine

193 723 234 764 eo
258 704 349 783 quod
373 714 425 766 est
449 703 637 765 formaliter
660 706 741 776 tale;
775 706 835 765 sed
859 707 974 766 omnia
1005 704 1156 765 acciden-

193 812 242 871 tia
258 811 515 872 individuantur
530 809 719 875 formaliter
734 831 796 892 per
811 812 1052 890 quantitatem;
1070 831 1154 893 ergo

193 937 270 978 eum
295 918 484 980 accidentia
507 919 654 979 habeant
678 919 733 979 hic
749 938 825 979 esse
836 938 898 997 per
918 919 1153 998 quantitatem,

194 1026 348 1104 sequitur
371 1026 463 1106 quod
487 1037 567 1094 sunt
591 1027 625 1086 in
650 1027 842 1106 quantitate
865 1035 903 1086 ut
927 1027 961 1086 in
990 1025 1153 1105 subjecto,
1189 1031 1194 1040 '

194 1132 279 1192 alias
303 1132 391 1192 idein
416 1142 506 1192 esset
530 1133 584 1193 hic
608 1141 642 1192 et
667 1151 734 1193 non
759 1141 850 1192 esset
873 1132 938 1192 hic.

283 1239 422 1298 Secundo
445 1240 508 1300 sie:
534 1237 571 1300 Si
600 1249 690 1299 esset
707 1238 827 1299 albedo
844 1248 1002 1318 separata
1016 1258 1038 1298 a
1053 1257 1158 1318 quan·

193 1347 300 1414 titate„
326 1355 416 1406 esset
441 1345 613 1406 sensibilis
637 1356 671 1406 et
695 1365 762 1406 non
787 1345 970 1407 sensibilis.
989 1342 1090 1432 Quod
1106 1364 1157 1404 es·

194 1452 442 1536 setsensibilis
466 1454 583 1532 probo,
609 1454 690 1533 quia
713 1463 803 1513 esset
827 1453 869 1512 de
909 1454 1011 1513 tertia
1042 1453 1155 1531 specie.

194 1559 378 1638 qualitatis
412 1559 595 1620 Probatur'
615 1559 708 1639 quod
743 1578 810 1619 non
846 1569 936 1619 esset
971 1558 1154 1626 sensibilis.

194 1667 275 1744 quia
298 1667 389 1746 quod
414 1686 481 1727 non
506 1678 558 1728 est
582 1677 747 1746 quantum
774 1685 841 1726 non
866 1674 980 1746 potest
1018 1666 1153 1733 sentiri;

194 1773 254 1832 sod
279 1773 399 1833 albedo
424 1783 581 1852 separata
604 1793 623 1833 a
647 1775 837 1852 quantitate
862 1783 913 1833 est
938 1771 1154 1851 hujusmodi;

195 1898 287 1959 ergo
551 1883 554 1896 '

294 1989 393 2046 'lertio
417 1987 479 2047 sic':
506 1985 543 2047 Si
569 1986 690 2046 albedo
718 1989 811 2046 esset
844 1988 918 2046 sine
953 1987 1154 2064 quantitate,

195 2103 285 2155 esset
309 2095 466 2174 quaedam
491 2094 638 2174 qualitas
670 2094 859 2174 spiritualis
890 2105 923 2155 et
958 2092 1154 2173 corporalis

196 2200 296 2280 Quod
320 2214 410 2262 esset
434 2201 622 2281 spiritualis
640 2202 804 2279 probatur,
832 2202 914 2280 quia
929 2210 1020 2260 esset
1037 2201 1157 2260 indivi-

195 2307 319 2378 sibilis;
345 2296 452 2387 probo
476 2310 577 2369 etiam
602 2309 694 2387 quod
718 2317 809 2367 esset
843 2306 1041 2386 corporalis,
1076 2308 1157 2386 quia

195 2424 285 2475 esset
310 2416 343 2475 in
369 2414 468 2475 ter'tia
500 2417 612 2495 specie
651 2414 837 2494 qualitatis,
874 2424 907 2474 et
946 2424 1028 2474 tunc
1066 2422 1158 2473 esset

195 2522 381 2601 corporalis
403 2532 436 2581 et
453 2521 648 2601 ,spiritualis
684 2522 796 2587 simul,
831 2520 922 2600 quod
958 2530 1010 2580 est
1045 2523 1188 2599 incon·-

195 2630 346 2689 ueniens¹

288 2726 409 2809 Quarto
433 2738 501 2795 sic:
527 2735 564 2796 si
590 2747 681 2795 esset
705 2734 825 2794 albedo
857 2735 931 2794 sine
955 2734 1155 2814 quantitate,

196 2854 229 2902 et
253 2862 314 2921 per
347 2861 560 2922 consequens
582 2842 795 2921 spiritualis.
832 2860 899 2901 non
935 2850 1027 2901 esset
1061 2843 1157 2918 repu-

196 2952 338 3029 gnantia
362 2951 444 3029 quin
470 2950 597 3010 inesset
621 2950 767 3028 spiritui,
793 2957 827 3008 et
851 2949 900 3008 sic
925 2948 1067 3026 spiritus
1101 2944 1156 3005 iel

197 3057 342 3137 angelus
365 3066 482 3135 posset
506 3076 581 3116 esse
606 3056 714 3117 albus

290 3165 403 3223 (baira
422 3166 512 3222 isium
537 3164 711 3241 opinionem
736 3162 893 3243 arguitur
917 3163 987 3222 sic:
1023 3160 1157 3240 Depen-

196 3272 312 3332 dentia
334 3272 378 3330 ad
392 3274 486 3347 prins
510 3280 562 3331 est
586 3270 802 3330 essentialior
817 3287 918 3348 quain
935 3269 980 3327 ad
985 3269 1152 3344 posterius,

196 3378 367 3457 loquendo
392 3377 433 3437 de
456 3377 603 3436 absolutis
619 3375 905 3456 dependentibus;
931 3375 991 3434 sed
1008 3373 1157 3453 qualitas

197 3495 248 3544 est
272 3482 381 3544 fornia
405 3486 492 3544 sicut
516 3485 691 3563 quantitas
715 3483 892 3554 absoluta;
927 3498 1012 3561 ergo
1046 3498 1159 3540 essen·

197 3591 313 3651 tialius
347 3591 514 3669 dependet
554 3592 702 3669 qualitas
729 3610 750 3649 a
773 3589 965 3650 substantia
999 3606 1100 3667 quam
1138 3606 1158 3645 a
