2600 4200
317 249 503 312 Drsrnrcr.
529 249 593 310 Vll
618 247 768 328 Qunsr.
793 251 807 312 1
990 267 1031 330 59

929 369 1054 380 -.--,

135 467 178 509 nec
195 451 277 512 etiam
298 463 342 515 est
364 475 440 515 vera
464 475 521 535 per
553 453 704 516 accidens
726 457 804 537 quia
836 455 914 517 nihil
937 455 1056 520 accidit

134 553 201 624 Deo:
220 578 288 640 ergo
309 562 396 622 nullo
421 562 522 623 modo
546 571 594 622 est
619 582 704 627 vera.

179 681 204 738 4
225 665 380 742 Praeterea,
405 667 611 730 Athanasius
643 669 736 749 ponit
759 671 849 750 quod
873 671 957 732 sicut
979 691 1060 732 caro

130 775 154 827 et
170 769 259 832 anima
281 793 361 835 unus
396 783 444 834 est
467 773 580 846 hom0‚
606 775 649 836 ita
674 775 766 837 Deus
788 785 821 836 et
846 775 947 838 homo
971 797 1057 838 unus

129 882 165 933 est
183 875 325 956 Christus;
350 881 406 941 sed
441 881 551 942 anima
575 901 640 943 non
677 882 872 963 praedicatur
895 883 1060 944 decarne

128 999 173 1041 nec
191 1002 206 1042 e
224 1004 372 1048 converso
382 1008 390 1062 ;
415 1007 502 1071 ergo.

180 1102 201 1165 5.
222 1091 381 1166 Praeterea,
418 1115 494 1156 cum
519 1095 636 1157 dicitur
662 1095 753 1156 Deus
775 1103 824 1156 θεῖ
856 1094 967 1168 hom0‚
998 1105 1058 1160 aut

126 1191 204 1255 homo
233 1209 276 1258 est
310 1201 526 1280 praedicatum
562 1201 745 1274 relativum,
769 1211 826 1264 aut
856 1202 1055 1268 absolutum.

124 1297 184 1362 Non
204 1301 372 1378 relativum,
387 1315 424 1367 ut
448 1315 537 1387 patet
560 1307 601 1368 de
624 1328 668 1380 εθ,
694 1328 753 1369 nec
776 1327 846 1369 θεεθ
868 1308 1055 1369 absolutum

122 1405 184 1484 quia
202 1413 369 1473 secundum
387 1413 617 1494 Augustinum
641 1435 711 1476 esse
726 1415 915 1476 absolutum
939 1413 1056 1475 dicitur

121 1511 154 1573 de
172 1515 259 1578 tribus
280 1519 435 1599 personis,
461 1519 562 1582 homo
585 1531 698 1582 autem
722 1541 788 1583 non
800 1519 917 1582 dicitur
941 1521 982 1582 de
1005 1519 1061 1582 tri«

120 1617 169 1680 hus
188 1625 338 1700 personis;
363 1646 454 1707 ergo

176 1725 289 1792 Contra.
313 1731 411 1796 Joan.
437 1751 467 1795 1.
499 1733 648 1795 Verbum
673 1754 749 1795 caro
770 1732 911 1795 sactum:
928 1742 977 1795 θεῖ
1001 1733 1057 1796 ubi

121 1831 299 1914 Augustinus
324 1839 516 1921 dicitquod
540 1861 615 1901 caro
639 1841 797 1922 accipitur
820 1861 881 1921 pro
905 1840 1056 1912 homine:

118 1957 182 2020 ergo
193 1941 271 2006 Deus
295 1945 400 2008 factus
415 1955 465 2008 est
489 1947 600 2020 homo,
625 1955 658 2008 et
681 1968 739 2029 per
751 1967 953 2028 consequeus
967 1945 1061 2010 Deus

119 2055 156 2107 est
176 2047 273 2116 homo

171 2156 204 2217 IN
227 2172 301 2222 ISTA
325 2174 546 2236 QUAES'sroNE
571 2169 648 2223 sunt
672 2161 733 2223 tria
757 2161 907 2223 videnda.
931 2162 1057 2230 Primo.

118 2258 137 2317 si
155 2262 228 2325 dicta
260 2266 438 2349 propositio
461 2268 502 2329 sit
533 2288 618 2329 vera.
657 2267 813 2340 Secunde,
837 2269 975 2349 qualiter
1009 2276 1058 2329 θεῖ

117 2385 184 2431 vera.
204 2372 310 2447 Tertia
328 2374 465 2455 qualiter
477 2384 526 2435 est
539 2374 599 2436 ista
612 2394 688 2437 vera
700 2395 706 2435 :
722 2374 869 2437 Christus
884 2386 932 2436 est
945 2376 1057 2441 homo·

169 2583 225 2650 Be
242 2588 398 2669 primo
435 2596 524 2668 patet
559 2589 739 2649 secundum
778 2589 947 2650 veritatem
983 2588 1058 2656 fidei

116 2690 187 2765 quod
208 2692 263 2754 ista
286 2704 334 2755 est
358 2714 446 2757 vera:
466 2694 557 2756 Deus
573 2704 621 2756 cst
635 2694 746 2759 homo.
772 2694 870 2758 Unde
894 2696 1057 2776 Augusti-

116 2811 163 2855 nus
183 2816 209 2859 1.
231 2801 269 2861 de
298 2800 389 2864 Yrin.
414 2800 501 2863 Talis
525 2800 586 2863 fuit
608 2802 789 2881 assumptio
814 2811 850 2863 ut
875 2803 983 2863 Deum
1012 2802 1057 2865 fa-

114 2912 183 2965 ceret
205 2905 368 2969 hominem
393 2916 425 2969 et
449 2907 617 2969 hominem
632 2907 752 2970 faceret
777 2910 898 2970 Deum.
924 2910 967 2971 Et
982 2910 1061 2971 Ber*

115 3010 213 3073 nardus
234 3016 274 3075 ad
307 3014 508 3094 Eugenium,
532 3024 670 3087 tantam,
706 3014 821 3095 inquit,
850 3024 973 3077 ettam
1005 3038 1059 3077 ex·
1123 3085 1139 3106 ⁴

113 3131 235 3190 pressam
259 3121 325 3181 vim
352 3120 481 3182 unionis
505 3120 640 3201 praefert
665 3142 703 3183 ea
726 3142 866 3203 persona
889 3144 955 3203 qua
969 3124 1063 3189 Deus

115 3228 141 3280 et
159 3222 251 3287 homo
274 3238 323 3291 est
348 3248 434 3289 unus
458 3226 615 3301 Christus
641 3238 677 3289 ut
712 3228 737 3289 si
761 3229 828 3289 duo
852 3230 892 3290 de
916 3252 950 3291 se
979 3251 1064 3311 praes

112 3326 183 3390 dices
201 3352 266 3409 pon
290 3354 387 3398 erres.

164 3436 327 3513 Praeterea‚
354 3440 440 3502 idem
466 3440 582 3521 probat
607 3441 745 3523 quidam
778 3442 904 3503 Doctor
928 3463 985 3523 per
1009 3465 1062 3505 ra-.

111 3537 215 3605 tionem
249 3546 311 3609 sic:
346 3545 621 3629 Quandocunque
655 3557 733 3609 suut
764 3549 839 3608 duae
876 3558 1000 3610 naturae
1025 3550 1060 3613 iu

110 3646 209 3711 eodem
231 3652 413 3735 supposito,
428 3652 575 3715 licetsirrt
598 3652 759 3715 distinctae
774 3662 909 3724 natarat,
925 3675 989 3716 una
1014 3665 1059 3716 ta‹
