2600 4200
126 268 313 335 Drsrnscr.
339 265 507 335 XXXVII
526 281 558 335 et
582 272 762 335 XXXVIII
787 270 934 353 Quasr.
958 272 989 335 II
1013 288 1075 351 243

128 391 340 401 -.—--—-

125 479 243 542 nicum.
257 480 428 560 Praecepta
440 488 549 540 autern
571 478 723 541 secundae
735 476 856 540 tabulae
872 485 948 539 sunt
960 478 1002 540 de
1018 478 1090 561 lege

124 594 247 649 naturae
272 586 419 648 secundo
446 586 555 646 modo.

188 694 244 755 Ex
268 706 353 755 ISTA
380 704 556 757 OPINIONE
592 700 683 772 patet
716 691 758 752 ad
793 690 979 773 principale,
1013 692 1091 773 quia

122 800 227 881 arguit
251 800 294 862 de
319 799 490 881 praeceptis
514 799 668 860 secundae
691 797 1088 879 tabulaeinquibuscadit

122 906 329 987 dispensatio.

148 1030 152 1037 '
185 1014 245 1076 Ad
265 1021 502 1095 argumentum
526 1022 637 1074 autem
662 1012 870 1084 contrarium,
895 1011 968 1074 dico
996 1013 1087 1093 quod

127 1117 301 1183 Gratianus
327 1120 359 1182 in
383 1120 519 1181 decretis
543 1118 685 1199 loquitur
702 1120 742 1179 de
759 1119 830 1201 lege
848 1128 971 1180 naturae
989 1118 1087 1200 large,

122 1235 157 1287 ut
179 1228 321 1289 sumitur
345 1227 399 1288 lex
423 1235 548 1288 natura}
560 1226 706 1289 secundo
720 1226 830 1299 mod0,
843 1234 876 1286 et
888 1245 953 1287 non
966 1226 1086 1289 stricte.

490 1402 666 1484 QUAESTIO
691 1404 729 1465 II.

430 1563 576 1626 Secundo
598 1563 781 1644 queritur:

277 1723 387 1778 Utrum
405 1736 486 1777 omna
505 1722 684 1777 mendactunr
703 1723 740 1775 sIt
760 1724 917 1789 peecatum.

185 1868 229 1929 Et
252 1867 384 1929 videtur
407 1867 495 1947 quod
521 1886 595 1939 non,
621 1866 698 1947 quia
722 1866 850 1928 mentiri
884 1876 933 1927 est
967 1876 1081 1927 contra

121 1983 261 2035 mentem
275 1975 321 2036 ire
334 1974 384 2034 vel
398 1973 520 2044 dicere:
534 1974 590 2034 sed
604 1973 720 2053 aliquis
733 1983 840 2053 potest
853 1974 958 2034 dicere
971 1983 1084 2035 contra

121 2090 271 2154 mentem,
304 2089 338 2143 et
362 2090 472 2142 tamen
508 2100 574 2142 non
610 2089 741 2161 peccat;
768 2100 848 2162 ergo
883 2100 948 2143 non
984 2100 1083 2142 omne

122 2189 333 2250 mendacium
358 2197 406 2250 est
430 2197 611 2269 peccatum.
636 2187 790 2249 probatio
824 2188 981 2249 rm'uurrk:
1018 2208 1083 2249 non

118 2293 201 2356 enim
226 2305 277 2356 est
323 2294 494 2355 verisimile
540 2295 629 2374 quod
673 2293 855 2363 Abraham,
899 2295 1083 2356 exercendo

120 2411 325 2483 praeceptum
351 2400 486 2463 Domini
512 2400 542 2460 in
582 2400 806 2461 immolatione
829 2399 893 2472 filii,
921 2411 1081 2481 peccaret,

116 2513 148 2567 et
170 2517 284 2569 tamen
308 2507 392 2568 dixit
415 2516 529 2568 contra
554 2515 708 2578 mentem,
744 2507 820 2587 quia
855 2507 938 2568 dixit
972 2508 1080 2588 pueris

116 2613 196 2688 suis;
221 2622 397 2694 expectate
421 2611 483 2682 hic,
508 2633 571 2694 ego
584 2624 695 2674 autem
719 2622 751 2674 et
764 2633 843 2693 puer
865 2633 955 2675 meus
980 2635 1082 2694 usqne

117 2716 188 2782 illuc
212 2728 436 2801 properantes
462 2729 661 2781 revertemur
684 2720 724 2780 ad
750 2739 818 2792 νος,
842 2729 875 2781 et
891 2729 1080 2781 tamennon

117 2823 306 2888 intendebat
330 2825 444 2888 reverti
469 2846 544 2886 cum
582 2845 683 2906 puero
718 2826 794 2906 quia
830 2826 970 2888 debebat
1003 2847 1079 2888 eum

116 2930 296 2995 immolare.

184 3037 317 3113 Contra,
343 3038 375 3100 in
399 3038 481 3100 Psal.
507 3039 624 3100 Perdes
655 3059 769 3101 omnes
804 3039 858 3120 qui
899 3040 1077 3120 loquuntur

116 3146 335 3208 mendacium.
427 3177 429 3180 ·

179 3253 220 3315 IN
254 3264 475 3328 QUAESTIONE
511 3260 586 3312 sunt
621 3253 688 3313 duo
723 3251 873 3314 videnda.
897 3252 1023 3322 Prinna,
1053 3253 1077 3314 si

113 3375 210 3421 omne
236 3359 445 3464 mendacium
470 3359 509 3420 sit
534 3367 715 3439 peccatum.
743 3358 897 3432 Secundo,
922 3359 947 3420 si
978 3380 1077 3421 omne

113 3465 322 3528 mendacium
347 3465 386 3527 sit
410 3474 581 3546 peccatum
608 3465 754 3526 mortale.

184 3676 412 3764 Quantum
436 3677 502 3742 {Id
513 3680 732 3760 primum,
757 3678 830 3740 dico
854 3679 944 3759 quod
975 3699 1074 3740 ornne
