2600 4200
241 263 303 328 162
487 261 562 323 Lm.
585 261 630 322 111
656 259 949 324 SENTENTIARUM

216 468 293 549 quia
315 467 385 548 ipse
408 467 501 548 ponit
523 467 613 548 quod
636 467 745 528 anima
768 467 809 528 sit
843 466 945 529 homo
980 477 1075 529 utens
1110 487 1180 528 cor-

216 595 321 656 pore,
346 573 408 636 hoc
432 583 541 664 autem
565 572 682 635 accidit
706 573 828 636 homini
846 583 882 635 ut
899 583 1008 636 utatur
1032 593 1179 656 corpore,
1295 621 1296 642 2

217 681 293 762 quia
316 681 424 742 anima
447 685 579 762 sum'pta
602 701 660 763 per
683 701 716 742 se
740 680 871 762 ponitur
894 682 936 743 ab
959 701 999 743 eo
1015 701 1084 744 esse
1107 702 1181 762 sup·

217 788 382 869 positum3
406 787 464 848 sed
493 787 641 850 Christus
677 786 707 849 in
743 787 852 850 triduo
887 787 1000 850 habuit
1034 789 1179 850 animam

214 893 277 957 sibi
301 893 447 969 unitam;
471 914 550 976 ergo
574 893 721 958 Christus
744 895 775 956 in
799 895 908 956 triduo
932 895 993 958 fuit
1015 894 1128 959 hom0.

284 1108 417 1174 Alius
438 1107 598 1174 neodus
620 1108 800 1174 dicendi
818 1116 866 1170 est
890 1108 1037 1190 Magistri
1061 1109 1118 1190 qui
1138 1118 1181 1171 te-

215 1225 273 1279 net
307 1216 445 1280 eandem
484 1215 736 1290 conclusionem,
772 1224 883 1278 tamen
921 1223 1054 1297 propter
1092 1215 1180 1281 aliud

219 1323 391 1386 motivum.
415 1321 497 1384 Vult
519 1321 607 1384 enim
634 1321 790 1404 Magister
813 1323 902 1404 quod
927 1323 968 1384 ad
1004 1321 1067 1383 hoc
1090 1321 1180 1403 quod

217 1429 332 1510 aliquis
354 1429 396 1490 sit
418 1426 529 1500 homo.
561 1437 691 1510 oportet
714 1429 803 1510 quod
828 1425 947 1490 habeat
979 1427 1125 1490 animam
1148 1435 1181 1494 et

217 1555 345 1617 corpus,
370 1555 435 1597 non
459 1544 570 1597 tamen
593 1544 723 1617 oportet
746 1535 923 1597 necessario
943 1535 1033 1616 quod
1049 1535 1102 1597 illa
1118 1535 1182 1596 sint

215 1643 309 1707 unita
331 1642 413 1706 inter
436 1661 480 1715 se,
504 1643 560 1704 sed
583 1642 701 1705 sufficit
735 1643 826 1724 quod
859 1641 958 1704 ambo
993 1641 1055 1702 sint
1091 1641 1182 1704 unita

217 1748 250 1810 in
273 1749 389 1811 tertio:
413 1748 471 1810 sed
494 1769 613 1830 corpus
643 1759 676 1811 et
710 1749 818 1811 anima
854 1747 972 1811 Christi
1007 1748 1079 1810 licet
1114 1767 1180 1810 non

217 1865 323 1918 essent
347 1855 437 1916 unita
459 1855 542 1918 inter
565 1875 600 1918 se
623 1855 656 1920 in
687 1855 804 1928 triduo,
829 1863 920 1918 erant
951 1865 1063 1917 tamen
1090 1855 1182 1918 unita

218 1963 250 2023 in
273 1962 378 2036 tertio,
392 1963 510 2024 scilicet
533 1963 566 2025 in
591 1962 760 2044 supposito
784 1962 904 2036 divine,
923 1962 999 2044 quia
1022 1963 1113 2044 quod
1137 1981 1183 2024 sc·

219 2070 281 2133 mel
305 2069 480 2152 assumpsit
504 2090 685 2153 numquam
710 2069 847 2149 dimisit;
872 2089 952 2154 ergo
977 2067 1126 2135 Christus
1149 2069 1181 2131 in

218 2178 326 2239 triduo
350 2177 410 2239 fuit
434 2176 544 2240 homo.

291 2390 465 2454 furtiue
489 2392 648 2455 modus
671 2391 849 2457 dicenda·
860 2402 909 2455 est
924 2392 1109 2473 aliquorum
1125 2391 1183 2471 qui

217 2506 398 2579 sequuntur
429 2496 606 2578 Hugonem
642 2497 675 2559 in
710 2499 916 2561 conclusione
950 2508 1083 2581 propter
1118 2499 1183 2561 tale

218 2603 402 2666 motivum:
427 2601 505 2665 nihil
528 2613 577 2665 est
600 2603 641 2665 de
676 2624 733 2685 per
767 2626 801 2667 se
835 2606 959 2668 ratione
992 2604 1182 2687 quidditatis

217 2710 278 2773 nisi
302 2711 370 2772 sola
393 2708 520 2788 forma;
547 2730 627 2791 ergo
663 2712 772 2774 anima
806 2712 1000 2774 intellectiva
1035 2732 1111 2794 quae
1134 2720 1182 2773 est

219 2816 325 2882 forma
352 2817 493 2879 hominis
527 2818 604 2880 dicit
640 2826 745 2881 totam
780 2818 995 2900 quidditatem
1032 2818 1179 2883 hominis

220 2923 285 2987 Sed
309 2925 343 2985 in
366 2925 475 2986 triduo
508 2924 657 2988 Christus
692 2925 805 2987 habuit
837 2926 980 2987 animam
1016 2925 1179 2989 intellecti·

219 3050 297 3092 vam
313 3030 372 3091 sibi
390 3030 534 3108 unitam;
551 3052 632 3114 ergo
654 3031 800 3094 Christus
816 3032 847 3094 in
870 3032 978 3094 triduo
994 3032 1055 3095 fuit
1071 3033 1178 3095 homo.

292 3135 388 3211 Quod
407 3147 513 3199 aretem
530 3140 648 3219 forma
669 3140 755 3200 dicat
771 3146 876 3201 totam
893 3139 1110 3221 quidditatem
1125 3138 1178 3209 rei,

219 3252 252 3305 et
276 3246 366 3325 quod
391 3244 524 3306 materia
548 3265 613 3307 non
638 3245 795 3327 pertineat
823 3248 863 3307 ad
888 3245 1102 3327 quidditatem
1125 3243 1180 3316 rei,

221 3350 377 3431 probatur
401 3350 465 3411 sic:
491 3353 625 3414 materia
647 3362 696 3413 est
719 3352 750 3415 id
775 3373 841 3434 quo
866 3372 914 3415 res
938 3359 1046 3433 potest
1068 3358 1184 3413 esseet

220 3476 286 3517 non
321 3477 399 3530 esse,
423 3477 464 3519 ex
495 3478 525 3543 7.
550 3458 716 3540 Metaplt.;
752 3480 831 3541 ergo
866 3459 891 3521 si
927 3458 1061 3521 materia
1096 3458 1186 3519 dicat

220 3561 435 3640 quidditatem
461 3564 513 3636 rei,
539 3567 682 3645 sequitur
698 3566 788 3647 quod
812 3567 919 3649 ipsum
936 3566 1023 3648 quod
1042 3565 1190 3649 quidest

221 3664 262 3725 sit
285 3668 502 3748 corruptibile,
527 3671 620 3750 cujus
656 3673 853 3735 contrarium
889 3674 1007 3755 probat
1041 3672 1190 3737 Philoso-

222 3765 307 3847 phus
330 3789 361 3854 7.
385 3774 531 3853 Metaplz.
