2600 4200
197 240 388 305 msere-r.
414 238 560 305 xxvnr
584 248 618 303 et
642 240 758 303 xxix
782 238 928 321 Quffisr.
953 240 984 303 11
1038 188 1101 319 ιρῤ

151 466 225 528 pars
250 446 347 508 unius
369 447 598 528 oppositorum
622 466 689 510 non
713 446 849 509 includit
872 446 969 507 aliam
993 454 1121 527 partem

151 552 282 615 alterius
306 554 551 634 oppositorum
587 553 644 615 sed
679 552 712 615 in
748 552 916 634 proposito
947 550 1120 615 infidelitas

153 658 290 721 includit
324 659 437 722 odium
462 660 533 735 Dei,
570 660 657 723 unde
687 658 859 721 infidelitas
893 678 959 721 non
983 666 1031 721 est
1055 678 1122 721 rna·

153 766 283 829 ximum
307 765 424 828 vitium
440 786 495 829 seu
520 776 692 849 peccatum
717 765 776 827 nisi
798 766 994 847 inquantum
1019 764 1122 827 inclu-

154 872 202 934 dit
213 872 246 935 in
264 892 298 935 se
323 874 445 935 malum
470 881 580 935 actum
604 872 790 944 voluntati5‚
805 872 893 934 unde
907 872 932 933 si
950 870 1121 933 infidelitas

154 979 290 1060 praecise
313 979 542 1053 consideretur,
566 988 646 1041 tunc
669 978 784 1041 odium
808 979 870 1041 Dei
893 987 942 1042 est
963 978 1056 1059 pejus
1071 998 1119 1041 ea.

221 1086 280 1147 Ad
299 1087 473 1147 sectandum
497 1086 625 1149 difficile
647 1094 730 1147 esset
753 1084 814 1147 illis
836 1085 1031 1165 respondere
1062 1084 1118 1165 qui

154 1203 285 1273 ponunt
319 1193 516 1272 intellectum
541 1192 732 1255 nobiliorem
767 1192 945 1265 voluntate,
970 1192 1026 1253 sed
1061 1212 1120 1271 po·

155 1300 265 1361 nendo
288 1298 371 1362 sicut
394 1308 523 1381 oportet
557 1318 679 1381 ponere
701 1298 792 1381 quod
827 1300 978 1360 voluntas
1002 1298 1042 1359 sit
1065 1319 1121 1360 no·

155 1406 249 1477 bilior
272 1405 445 1479 intellectu,
471 1414 507 1467 ut
519 1414 687 1468 ostensum
710 1414 758 1467 est
771 1405 827 1467 lib.
847 1423 881 1468 ιι.
894 1404 970 1467 dist.
995 1422 1048 1487 24.
1065 1425 1121 1485 pa·

154 1522 201 1577 tet
224 1512 315 1596 quod
339 1521 573 1594 argumentum
597 1532 663 1573 non
694 1510 782 1573 valet
804 1511 882 1593 quia
916 1511 1021 1593 prima
1045 1531 1120 1592 pars

154 1618 294 1683 minort's
315 1627 365 1680 est
387 1616 475 1683 salsa.

220 1724 280 1787 Ad
302 1724 434 1787 tertium
459 1724 532 1787 dico
556 1725 646 1807 quod
663 1724 828 1806 optimum
852 1744 919 1785 non
942 1732 990 1785 est
1007 1722 1121 1787 melius

154 1832 282 1915 optimo
317 1829 400 1892 infra
430 1831 567 1893 eandem
592 1839 743 1893 naturam
776 1838 809 1892 et
832 1831 983 1911 speciem,
1008 1830 1063 1891 sed
1088 1830 1120 1891 in

151 1940 287 2002 diversis
312 1937 434 2001 naturis
464 1948 497 1999 et
520 1936 689 2019 speciebus
720 1938 885 2019 optimum
920 1945 1027 2018 potest
1051 1956 1119 1998 esse

154 2045 270 2110 melius
294 2045 431 2128 optimo,
455 2044 538 2108 sicut
561 2044 705 2127 optimus
729 2044 831 2108 homo
854 2052 902 2106 est
927 2043 1040 2106 melior
1064 2063 1121 2125 op-

152 2153 237 2216 tlmo
259 2173 359 2234 equo.

514 2345 690 2429 QoAEsrro
722 2347 761 2409 ll.

474 2505 619 2570 Secundo
641 2507 805 2589 queritur

206 2666 315 2722 Utru-
334 2665 488 2720 seeundum
500 2665 627 2720 ondlnem
645 2665 796 2720 elrnrltotle
807 2664 898 2732 magis
916 2664 975 2718 slot
985 2663 1120 2730 dlllgendl

151 2757 288 2824 petentes
307 2769 393 2822 quam
413 2753 477 2809 lllll.

222 2899 268 2962 Et
292 2899 419 2961 videtur
442 2900 532 2980 quod
555 2897 609 2990 filii
641 2897 705 2961 sint
729 2897 834 2980 magis
853 2899 1017 2980 diligendi,
1042 2897 1119 2980 quia

152 3005 340 3087 Apostolus
364 3023 393 3068 ι.
423 3003 567 3070 Corinth.
592 3025 622 3068 2.
636 3006 715 3068 dicit
737 3005 827 3087 quod
842 3004 896 3066 filii
921 3026 986 3067 non
999 3004 1119 3065 debent

153 3113 374 3176 thesaurizare
397 3113 584 3194 parentibus
607 3113 664 3175 sed
678 3123 827 3194 parentes
840 3111 910 3175 filiis
920 3132 927 3188 ;
952 3112 1008 3174 sed
1021 3131 1119 3172 nemo

152 3219 253 3282 debet
284 3218 500 3282 thesaurizare
525 3219 582 3281 nisi
606 3219 634 3280 ei
665 3240 764 3301 quem
799 3219 917 3302 diligit;
953 3238 1033 3300 ergo
1064 3216 1120 3279 filii

153 3336 233 3390 sunt
257 3327 363 3408 magis
375 3325 530 3408 diligendi
555 3347 655 3408 quam
680 3335 837 3407 parentes.

221 3452 252 3497 2.
278 3433 449 3505 Praeterea,
473 3431 556 3494 lilius
579 3442 789 3515 comparatur
812 3434 853 3494 ad
885 3441 1012 3514 patrem
1036 3431 1120 3493 sicut

153 3561 266 3605 ramus
296 3540 422 3603 arboris
445 3540 487 3601 ad
519 3539 678 3617 radicem;
703 3541 759 3602 sed
785 3540 904 3602 humor
940 3538 1019 3601 rami
1046 3559 1119 3618 pro-

150 3649 240 3712 cedit
263 3669 283 3712 a
314 3647 423 3710 radice
446 3656 478 3708 et
502 3667 566 3708 non
590 3667 792 3722 econverso;
817 3667 896 3728 ergo
920 3645 1064 3706 similiter
1086 3643 1119 3705 in
