2600 4200
233 224 292 299 198
456 220 531 283 Lm.
557 221 609 282 IV
634 219 940 283 Ssnrnurrnnuu

203 409 257 460 ret
281 409 468 480 peccatum,
492 402 574 480 quia
596 418 658 480 per
688 410 801 461 actum
836 401 934 462 illum
969 401 1169 463 redderetur

203 506 420 586 aequivalens
443 505 493 567 illi
527 507 619 568 bono
654 509 747 587 quod
781 508 922 569 abstulit
958 526 1019 588 per
1051 527 1169 588 pecca-

204 620 288 674 tum.
313 649 355 657 -
379 613 502 675 Posset
525 615 627 675 etiam
653 614 713 675 ille
736 624 833 675 actus
857 614 942 676 alias
965 634 1042 677 esse
1076 613 1169 676 inde-

201 720 307 788 bitus,
344 720 425 799 quia
458 719 539 780 licet
572 720 741 800 quidquid
771 739 956 801 possumus
990 731 1170 783 teneamur

203 824 291 895 Deo,
316 836 430 890 tamen
454 828 528 907 ipse
551 826 648 887 Deus
664 847 709 888 ex
729 828 964 889 misericordia
978 847 1041 889 sua
1058 828 1169 890 noluit

205 952 269 995 nos
293 933 497 1014 regulariter
530 934 677 1015 obligari
713 936 779 995 nisi
816 936 859 995 ad
894 935 1107 1017 decalogum,
1133 946 1168 996 et

203 1041 256 1106 sic
278 1049 393 1121 potest
428 1040 531 1101 homo
565 1040 681 1121 aliqua
715 1060 819 1121 opera
853 1042 1170 1124 supererogationis

204 1165 366 1209 exercere
390 1166 468 1228 quae
492 1146 578 1208 alias
601 1148 666 1210 sibi
691 1157 806 1211 essent
833 1148 994 1219 indebita,
1019 1157 1053 1209 et
1086 1156 1169 1210 tunc

205 1253 399 1315 salvaretur
420 1263 494 1315 tota
516 1256 603 1315 ratio
630 1252 884 1316 satisfactionis.

194 1492 210 1549 -χ
295 1465 359 1529 De
379 1466 511 1529 terno
535 1466 740 1541 Armonio,
772 1468 806 1528 in
841 1465 966 1547 qussius
1001 1467 1171 1527 consistat

204 1573 293 1633 ratio
317 1571 571 1643 satisfactionis,
596 1573 673 1635 dico
695 1573 789 1654 quod
814 1574 927 1653 magis
950 1573 1108 1634 consistit
1132 1574 1166 1633 in

204 1679 339 1740 actibus
362 1680 557 1760 poenalibus
581 1696 684 1760 quam
709 1698 777 1741 non
800 1679 1005 1759 poenalibus.
1033 1678 1079 1741 Et
1101 1678 1168 1739 hoc

204 1795 258 1846 est
282 1786 375 1865 quod
397 1786 480 1847 dicit
502 1785 728 1867 Augustinus
752 1786 803 1847 De
825 1806 900 1846 vera
915 1792 946 1845 et
956 1784 1050 1862 saLra
1067 1789 1169 1864 porni-

204 1894 311 1953 tentia.
337 1890 436 1962 Sunt,
460 1895 582 1974 inquit,
607 1882 712 1975 digni
740 1892 872 1955 fructus
906 1895 1072 1955 virtutum
1107 1895 1166 1973 qui

205 2018 274 2060 non
306 1997 520 2061 sufficiuntur
553 2000 814 2080 poenitentibus
838 2000 1043 2081 poenitentia
1075 2002 1166 2061 enirn

205 2109 385 2190 graviores
408 2105 540 2169 fructus
562 2108 724 2188 postulat,
743 2118 782 2169 ut
796 2107 913 2170 dolore
930 2117 964 2168 et
980 2109 1167 2188 gemitibus

204 2224 361 2275 mortuus
384 2214 491 2274 vitam
516 2216 684 2294 impetret.
709 2214 772 2276 Isti
797 2224 910 2276 autem
931 2223 1028 2276 actus
1051 2233 1167 2295 poena-

205 2320 256 2382 les
280 2321 488 2382 reducuntur
512 2321 664 2383 adactus
680 2323 844 2381 interiores
859 2339 938 2402 quae
955 2331 1035 2382 sunt
1051 2321 1167 2401 displi-

205 2428 318 2487 centia
333 2436 367 2487 et
383 2429 524 2488 tristitia
538 2428 581 2488 de
597 2437 748 2508 peccato,
766 2437 799 2488 et
816 2427 859 2488 ad
875 2437 971 2489 actus
995 2431 1167 2488 exteriores

205 2534 264 2612 qui
300 2544 381 2594 sunt
415 2533 595 2603 confessio
631 2534 847 2604 verecundia,
883 2531 1072 2596 satisfactio
1106 2543 1167 2614 per

200 2639 369 2721 jejunium
394 2651 428 2702 et
451 2643 639 2702 orationem
664 2645 703 2702 'et
727 2641 1021 2723 eleemosynarum
1046 2641 1167 2723 elargi-

205 2748 334 2808 tionem
359 2756 392 2808 ot
416 2749 590 2809 similium.

295 2962 359 3024 De
382 2968 548 3040 quarto,
582 2982 625 3023 an
662 2963 762 3024 alicui
794 2972 934 3043 peccato
968 2981 1167 3042 correspon-

205 3068 284 3128 deat
307 3070 446 3148 propria
469 3088 582 3149 poeua,
603 3069 684 3130 dieo
708 3070 800 3150 quod
835 3071 863 3132 si
898 3069 1107 3151 intelligitur
1130 3071 1167 3128 de

198 3178 333 3252 proprio
359 3175 546 3237 secundum
562 3179 691 3253 speciem
710 3176 764 3236 vel
781 3177 967 3238 secundum
985 3196 1161 3242 uulnerum,

205 3281 330 3342 dicitur
353 3282 446 3361 quod
470 3301 548 3349 non,
574 3284 655 3362 quia
678 3283 796 3344 eadem
833 3281 1022 3345 satisfactio
1048 3301 1167 3344 secun·

204 3388 286 3448 dum
312 3391 460 3468 speciem
485 3389 666 3450 ueletiam
692 3389 878 3452 secundum
907 3406 1085 3451 numerum
1110 3409 1167 3470 po-

205 3503 273 3555 test
300 3496 565 3575 correspondcre
600 3495 679 3557 huic
714 3505 854 3576 peccato
888 3507 922 3558 et
961 3496 1021 3558 illi.
1063 3493 1167 3576 Quod

204 3602 393 3662 secundum
428 3604 576 3681 speciem
611 3613 715 3682 patet,
744 3605 825 3683 quia
858 3605 1017 3665 contritio
1051 3611 1168 3684 potest
