2600 4200
233 208 295 283 326
447 205 533 266 Lm.¹
548 204 600 266 IV
625 203 932 267 Summonuit

207 383 319 443 modis
350 391 469 444 votum
494 383 714 444 continentiae
749 392 863 462 potest
897 384 1019 443 emitti.
1053 383 1173 449 Tertio,

202 507 253 550 ex
278 489 332 550 his
355 489 399 550 ad
423 490 606 568 quaesitum
631 489 829 568 principale.

296 699 360 763 De
379 700 524 779 mimo
547 700 623 761 dico
647 700 740 781 quod
764 709 881 761 votum
911 699 1113 779 procedite
1137 699 1176 760 li-

201 807 289 867 'bera
320 806 514 877 voluntate;
547 809 659 867 omnis
693 807 783 867 enim
818 807 877 885 qui
912 804 1018 866 libere
1052 816 1174 885 potest

207 910 318 974 facere
341 913 434 992 quod
457 912 541 982 vult,
568 912 662 974 nullo
687 913 930 992 impedimento
953 911 995 972 de
1019 931 1057 972 se
1082 913 1175 973 exis·

205 1007 311 1088 terite,
337 1018 430 1080 nullo
454 1017 591 1080 homine
613 1019 655 1080 de
689 1015 780 1080 facto
814 1017 1047 1098 propediente,
1074 1019 1174 1079 nullo

203 1126 279 1206 jure
303 1126 514 1205 prohibente,
539 1135 653 1206 potest
673 1125 876 1205 simpliciter
892 1142 1027 1185 vovere.
1046 1123 1077 1186 E
1094 1144 1174 1186 con·

203 1234 312 1292 trario
335 1233 393 1312 qui
418 1233 453 1293 in
478 1233 637 1294 omnibus
664 1233 783 1293 subest
817 1231 914 1292 alteri
950 1250 1019 1292 non
1054 1241 1172 1311 potest

207 1355 270 1418 per
293 1357 329 1399 se
353 1357 479 1400 vovere
507 1349 625 1400 votum
659 1340 891 1401 continentiae.
917 1336 1018 1398 Nunc
1054 1348 1170 1399 autem

206 1463 299 1505 uxor
322 1445 439 1506 subest
463 1447 558 1516 vir0;
585 1464 670 1525 puer
693 1446 811 1506 subest
835 1445 922 1524 patri
948 1446 983 1504 in
1000 1446 1172 1526 regimine

207 1551 312 1622 vitae3
339 1569 458 1612 servus
486 1552 606 1613 subest
638 1552 796 1623 domino;
832 1550 1016 1632 religiosus
1051 1552 1173 1612 subest

207 1657 361 1738 praelato
387 1657 469 1718 ideo
492 1656 608 1719 nullus
632 1636 775 1719 istorum
803 1666 917 1738 potest
950 1675 1100 1728 vovere;
1135 1669 1173 1718 et

208 1764 286 1825 ideo
310 1773 474 1844 quantum
499 1765 542 1825 ad
566 1775 684 1825 votum
708 1764 940 1833 continentiae.
965 1773 1061 1843 patet
1077 1764 1172 1844 quod

208 1890 298 1932 uxor
321 1891 388 1932 non
412 1881 526 1951 potest
551 1881 669 1932 votum
705 1871 925 1932 continentiae
948 1867 1061 1931 facere
1095 1872 1172 1932 sine

206 1997 378 2040 consensu
404 1979 526 2048 mariti,
552 1997 614 2039 nec
637 1996 723 2056 puer
740 1975 827 2038 infra
842 1996 951 2037 annos
968 1977 1169 2056 pubertatis,

299 2190 362 2254 De
384 2190 563 2253 secundo
597 2189 790 2253 Art-iuuit)
814 2190 891 2251 dico
925 2190 1018 2270 quod
1050 2199 1170 2252 votum

206 2298 429 2358 continentiae
453 2306 567 2377 potest
590 2316 666 2358 esse
698 2297 871 2376 publicum
896 2295 953 2356 vel
976 2299 1169 2375 privetum;

209 2406 291 2464 item
315 2414 429 2483 potest
452 2422 527 2464 esse
551 2404 701 2483 simplex
727 2414 762 2464 et
796 2403 957 2464 solemne.
984 2403 1057 2464 Nec
1092 2406 1171 2465 istae

206 2511 287 2570 duae
300 2511 536 2571 distinctiones
553 2521 632 2571 sunt
649 2511 789 2578 eaedem.
808 2510 889 2589 quia
904 2517 974 2569 tarn
992 2510 1169 2589 publicum

207 2635 312 2695 quam
328 2618 500 2696 privatum
526 2627 640 2695 potest
663 2636 739 2677 esse
763 2615 912 2694 simplex
936 2616 992 2676 vel
1017 2616 1171 2678 solemne

209 2732 338 2782 votum.
365 2721 493 2783 Votum
518 2733 630 2783 autem
656 2722 898 2783 solemnizatur
913 2723 1023 2783 tribus
1047 2723 1169 2790 modis,

207 2838 247 2889 ut
270 2830 409 2908 ponitur
432 2830 548 2889 Exlru
574 2829 625 2887 De
648 2835 715 2888 volo
738 2836 768 2888 cl
800 2832 865 2888 voti
886 2828 1034 2905 redempt.
1060 2831 1112 2889 lib.
1138 2835 1167 2889 ό.

209 2936 333 2995 Decret.
346 2956 370 2995 c.
386 2936 521 3003 Rm’sus,
543 2936 600 2995 ubi
614 2936 663 2995 sic
683 2935 840 2995 habetur:
866 2933 997 2995 Votum
1016 2935 1169 2997 solemne

207 3052 262 3103 est
286 3044 339 3102 cui
365 3044 549 3103 intervenit
572 3041 688 3121 aliqua
723 3044 865 3102 istarum
901 3040 1168 3107 solemnitatum.

209 3149 370 3210 videlicet
394 3168 454 3229 per
478 3150 729 3228 susceptionem
744 3150 828 3209 sacri
847 3149 986 3208 ordinis.
1005 3148 1093 3210 Item
1109 3168 1170 3229 per

207 3258 462 3335 susceptionem
487 3274 593 3317 sacrae
618 3257 725 3316 vestis
749 3274 827 3336 quae
851 3264 984 3317 tantum
997 3253 1171 3335 perficien-

210 3363 303 3423 tibus
327 3364 398 3423 dari
424 3363 524 3423 debet
547 3363 776 3442 praesentibus
792 3363 947 3423 testibus.
965 3360 1052 3422 Item
1069 3363 1170 3423 tertio

209 3470 312 3530 modo
336 3489 412 3530 cum
437 3488 499 3549 per
528 3466 776 3549 professionem
811 3468 961 3529 devovet
995 3487 1031 3528 se
1066 3468 1168 3529 alicui

208 3575 381 3655 religioni,
417 3577 529 3636 abbati
567 3575 621 3635 vel
657 3576 850 3636 abbatissae.
888 3574 1039 3635 Primum
1074 3583 1170 3653 patet
