2600 4200
233 237 275 314 48
479 237 552 299 Lru.
577 237 623 299 ΙΙΙ
648 237 942 299 Snxrnurrnxuu

213 450 327 504 natura
350 442 460 504 divina
494 450 672 504 assumeret
696 442 885 513 humanam,
909 440 969 502 ista
991 442 1176 522 assumptio

213 569 278 612 non
302 551 528 612 terminaretur
552 550 594 611 ad
617 550 761 631 aliquam
786 549 963 620 unitatem;
988 569 1076 630 ergo.
1093 549 1172 610 Pro·

211 655 300 718 batio
324 657 471 718 minoris.
497 655 615 719 Omnis
640 657 747 718 unitas
769 675 844 737 quae
879 655 1011 736 exurgit
1033 676 1076 716 ex
1100 655 1169 716 uni-

211 771 278 825 tate
301 764 485 846 aliquorum
509 773 566 825 aut
589 773 638 826 est
662 785 705 825 ex
728 763 788 824 illis
810 771 968 844 tanquam
985 783 1028 824 ex
1052 762 1174 843 imper-

165 949 167 954 ,
210 869 309 941 fectis,
334 879 562 952 auttanquam
586 891 629 932 ex
643 868 808 951 perfectis3
832 869 889 931 sed
912 889 955 930 ex
980 869 1100 930 unione
1117 889 1172 931 na-

211 985 294 1038 turae
318 976 436 1039 divinae
460 986 493 1038 et
517 977 672 1039 humanae
707 996 772 1038 non
807 975 940 1056 exurgit
976 974 1081 1036 unitas
1103 983 1175 1036 tan-

210 1103 310 1164 quam
334 1104 377 1144 ex
402 1082 606 1164 imperfectis,
632 1093 669 1146 ut
692 1103 749 1164 per
762 1091 907 1163 sepatet,
929 1101 989 1144 nec
1011 1091 1172 1163 tanquam

211 1210 254 1250 ex
277 1188 426 1271 perfectis
449 1191 526 1272 quia
557 1199 614 1252 aut
638 1199 806 1252 manerent
829 1189 960 1261 salvata,
985 1198 1017 1250 et
1039 1187 1112 1251 talis
1140 1211 1178 1251 u·

212 1295 266 1358 nio
289 1304 371 1358 esset
394 1296 600 1359 accidentalis
623 1296 713 1378 quod
738 1317 802 1357 non
827 1295 1014 1357 conceditur
1045 1294 1075 1356 in
1101 1315 1177 1376 pro

212 1403 329 1483 posito,
354 1411 411 1465 aut
445 1411 739 1465 transmutarentur
762 1403 804 1464 ad
827 1401 976 1475 invicem,
1011 1403 1102 1484 quod
1126 1412 1176 1464 est

212 1507 329 1571 falsum
354 1509 430 1590 quia
454 1529 513 1572 nec
537 1519 653 1571 natura
677 1509 821 1571 humana
852 1507 1050 1571 convertitur
1073 1511 1105 1570 in
1130 1509 1177 1570 di-

211 1614 321 1677 vinam
346 1636 405 1678 nec
429 1637 447 1677 e
470 1636 637 1680 converso,

282 1717 420 1789 Contra
445 1721 559 1789 istam
583 1719 802 1808 opinionem
827 1722 976 1802 objicitur
1000 1721 1076 1803 quia
1100 1742 1175 1802 pro-

211 1828 301 1890 batio
325 1829 463 1891 rrrinorz's
486 1829 594 1911 arguit
616 1829 659 1891 ab
682 1828 885 1890 insufficienti
906 1828 1078 1902 divisione3
1096 1848 1176 1889 cum

212 1934 298 1996 enim
323 1935 442 1997 dicitur
465 1936 555 2016 quod
579 1935 686 1997 unitas
709 1936 817 2016 aliqua
840 1935 890 1996 vel
913 1943 1029 1996 estex
1053 1935 1177 2014 imper·

212 2039 304 2105 sectis
328 2043 377 2104 vel
401 2062 444 2104 ex
469 2040 626 2123 perfectis,
640 2051 771 2123 oportet
789 2041 910 2104 addere
921 2041 1052 2104 tertium
1072 2061 1173 2104 mem·

211 2148 318 2227 brum,
332 2151 421 2229 quod
436 2150 541 2211 unitas
564 2158 667 2211 estex
691 2149 811 2211 unione
822 2149 1005 2231 aliquorum
1030 2169 1175 2230 quorum

212 2276 315 2317 unum
340 2264 388 2317 est
411 2255 601 2337 perfectum,
615 2256 703 2317 aliud
727 2254 952 2337 imperfectum
976 2255 1043 2317 sire
1066 2254 1179 2317 minus

212 2360 414 2441 perlectum;
439 2362 484 2423 ita
506 2371 555 2424 est
578 2363 609 2424 in
635 2364 802 2443 proposito
826 2363 902 2444 quia
927 2371 1041 2424 natura
1063 2362 1179 2424 divina

211 2476 259 2529 est
283 2463 526 2549 perfectissima,
551 2478 666 2531 natura
689 2478 799 2531 autem
816 2468 961 2531 humana
985 2467 1092 2529 minus
1104 2489 1177 2550 per·

212 2572 305 2636 lecta.

278 2680 452 2753 Prorerea,
470 2682 531 2743 sub
554 2682 706 2745 omnibus
730 2682 797 2743 istis
821 2681 974 2743 membris
998 2701 1062 2744 non
1087 2701 1179 2744 com·

212 2786 423 2869 prehenditur
439 2789 499 2849 ista
524 2788 716 2870 unitasquae
740 2798 789 2851 est
801 2797 926 2850 naturae
950 2808 1007 2869 per
1022 2788 1177 2869 illapsum

211 2892 315 2975 qualis
339 2894 470 2975 ponitur
493 2893 525 2955 in
550 2895 727 2975 proposito,

280 3000 453 3075 Prcetrreo,
478 3022 534 3082 per
558 3003 696 3063 eandem
720 3002 879 3063 rationem
911 3008 1019 3081 potest
1042 3002 1177 3083 probari

213 3108 304 3188 quod
321 3106 429 3169 divina
445 3128 583 3188 persona
600 3128 665 3169 non
682 3116 789 3189 potest
804 3126 967 3169 assumere
991 3106 1176 3170 humanam

213 3223 363 3275 naturam
399 3214 482 3275 sicut
505 3222 595 3294 patet
630 3214 821 3275 deducendo
855 3232 1010 3294 campet
1044 3212 1180 3296 singula

214 3319 369 3381 membra.
407 3319 480 3379 Ideo
504 3319 628 3381 dz'citrtr
662 3320 841 3381 secundum
865 3318 953 3381 illam
985 3319 1177 3400 opinionem

212 3424 302 3505 quod
326 3433 381 3485 aut
405 3424 446 3485 de
470 3425 594 3487 ratione
616 3426 809 3488 assumentis
832 3426 989 3505 estquod
1013 3424 1177 3489 lrabetin·

212 3530 517 3593 communicabilem
558 3531 797 3593 subsistentiam
832 3541 889 3594 aut
930 3532 1020 3613 quod
1055 3530 1179 3595 habeat

212 3636 417 3699 existentiam
431 3633 627 3717 singularem
652 3637 775 3717 absque
799 3638 1179 3703 incommunicabilitate.
