2600 4200
361 227 550 290 Drsrruc‘r.
576 227 631 289 IX
657 227 808 308 QuAEsr.
834 229 850 290 I
1034 249 1091 308 ιο]

249 459 467 539 wantiam
490 459 547 522 aa
558 459 756 538 ρνίιηιιηι
772 461 848 522 dico
865 461 956 540 quod
973 461 1119 540 quadru-

155 565 290 644 pliciter
313 575 427 646 potest
451 567 529 646 quis
559 565 624 626 hoc
661 565 920 628 Sacramentum
954 567 1113 647 recipere.

244 671 354 732 Prima
377 673 474 740 mado,
496 672 620 752 aliquis
637 672 702 734 hoc
719 671 978 735 Sacramentum
994 675 1115 753 recipit

155 797 216 838 nec
240 781 517 846 sacramentaliter,
546 798 608 840 nec
623 781 842 857 spiritualiter,
863 781 952 841 sicut
967 777 1118 841 infidelis

155 895 213 945 aut
235 903 420 964 perversus
443 885 638 956 haereticus,
664 887 706 948 de
730 906 799 966 quo
822 887 906 948 dicit
921 886 1115 967 Apostolus

154 991 246 1070 quod
266 990 433 1070 judicium
458 993 522 1053 sibi
558 993 742 1054 manducat
766 1001 800 1054 et
822 993 909 1055 bibit
933 1012 1001 1054 non
1032 993 1118 1073 diju-

154 1097 282 1168 dicans,
307 1097 395 1162 idest
420 1117 487 1159 non
512 1099 710 1160 discernens
734 1100 776 1160 ab
805 1099 881 1162 aliis
915 1100 1010 1168 cibis,
1036 1097 1115 1163 Cor-

154 1223 219 1284 pus
243 1204 404 1276 Domini;
430 1204 509 1266 talis
533 1206 622 1266 enim
647 1207 723 1267 sola
737 1207 926 1268 accidentia
942 1208 1020 1268 terit
1036 1207 1116 1268 den·

154 1312 246 1372 tibus
270 1312 500 1382 materialiter,
525 1323 559 1372 et
583 1313 660 1372 ideo
685 1332 752 1372 non
776 1315 882 1374 sumit
920 1332 1030 1392 neque
1064 1333 1116 1374 sa·

153 1419 405 1479 eramentaliter
429 1437 540 1498 neque
564 1419 797 1498 spiritualiter.

244 1525 383 1586 Secunda
407 1527 494 1585 moda
517 1526 581 1586 hoc
606 1524 864 1587 Sacramentum
902 1527 1027 1606 aliquis
1062 1546 1115 1587 su-

153 1633 215 1692 mit
238 1633 508 1691 sacramentaliter
533 1642 567 1692 et
601 1634 812 1709 spiritualiter
844 1635 933 1694 sicut
967 1633 1116 1694 devotus

154 1738 362 1799 christianus
385 1739 443 1818 qui
468 1739 679 1800 conscientia
698 1739 767 1818 jam
792 1751 941 1820 purgata
972 1759 1039 1800 non
1072 1742 1115 1801 si-

155 1845 285 1906 mulata
308 1842 374 1906 fide
399 1844 522 1905 adhoc
547 1854 796 1906 sacramentum
821 1847 1020 1917 acceditur
1044 1865 1114 1926 quo

153 1952 305 2031 loquitur
332 1951 554 2034 Augustinus
589 1951 728 2013 dicens:
765 1950 873 2013 Crede
907 1962 942 2013 et
974 1954 1115 2014 mandu-

152 2059 248 2129 casti,
273 2067 327 2119 et:
353 2077 421 2120 non
445 2077 499 2119 me
523 2067 703 2119 convertes
727 2060 763 2121 in
787 2069 820 2121 te
845 2059 904 2120 sed
921 2068 957 2122 tu
975 2078 1114 2122 conver·

153 2168 236 2227 teris
260 2166 293 2226 in
320 2184 382 2225 me.

250 2272 352 2331 Tertia
376 2272 463 2331 moda
487 2272 611 2351 aliquis
635 2273 741 2334 sumit
764 2272 829 2333 hoc
853 2271 1111 2334 Sacramentum

153 2380 422 2437 sacramentaliter
432 2388 466 2438 et
478 2399 538 2438 aaa
554 2380 766 2456 spiritualiter
778 2380 866 2441 sicut
881 2380 993 2440 malus
1009 2379 1113 2441 chris·

153 2486 266 2545 tianus
288 2486 347 2564 qui
376 2486 481 2546 sumit
503 2483 636 2565 Corpus
660 2484 786 2547 Christi
811 2486 871 2547 sed
911 2505 978 2546 non
1009 2486 1112 2548 babet

152 2592 395 2651 conscientiam
409 2592 451 2651 de
463 2602 602 2671 peccato
615 2593 749 2653 mortali
766 2593 835 2672 jam
859 2603 1052 2673 purgatam,
1077 2603 1111 2655 et

151 2698 194 2758 de
204 2697 268 2758 hoc
280 2697 431 2777 loquitur
443 2698 717 2777 Augustinus,et
729 2698 872 2759 habetur
884 2700 936 2757 De
946 2707 1110 2761 consecrat.

151 2805 220 2864 dist.
246 2824 274 2863 2.
303 2826 327 2864 c.
363 2824 392 2865 2.
429 2802 520 2883 Quid
555 2815 607 2865 est
631 2804 768 2866 Christo
797 2806 1010 2865 manducare.
1042 2804 1108 2885 Qui

151 2912 241 2995 enim
259 2912 382 2990 accipit
406 2912 547 2991 indigne
572 2910 840 2981 Sacramentum,
866 2913 1012 2991 acquirit
1032 2912 1111 2974 inde

151 3036 315 3098 magnum
339 3027 555 3079 tormentum.

244 3124 365 3198 Quarta
388 3126 476 3183 mado
500 3126 604 3184 sumit
628 3124 753 3204 aliquis
769 3124 833 3185 hoc
851 3124 1108 3186 Sacramentum

151 3232 360 3308 spiritualiter
389 3242 423 3291 et
462 3251 521 3289 non
560 3232 837 3299 sacramentaliter,
881 3233 970 3292 sicut
1007 3231 1111 3291 homo

151 3336 357 3398 christianus
385 3339 593 3399 conscientia
627 3357 731 3398 sanus
766 3347 879 3398 tamen
914 3336 1111 3398 infirmitate

151 3454 316 3525 gravatus
345 3444 489 3505 libenter
509 3444 573 3505 hoc
598 3440 855 3505 Sacramentum
873 3452 1032 3513 sumeret,
1049 3444 1110 3504 sed

151 3568 219 3610 oun
244 3550 346 3611 habet
369 3552 607 3630 propinantem
632 3551 708 3619 sibi,
733 3561 767 3610 et
790 3550 832 3610 dc
865 3550 924 3610 illo
959 3548 1112 3629 loquitur

1042 3688 1055 3726 8
