2600 4200
349 753 666 860 Distinctio
717 752 879 870 XIV.
953 776 958 787 ·

286 1008 389 1085 Post
421 1009 513 1084 naeo
544 1010 595 1084 de
628 1007 950 1084 Paenitentia...

225 1203 263 1261 lu
288 1204 346 1261 isla
371 1202 454 1261 Dist.
480 1221 528 1277 14.
559 1203 670 1278 incipit
702 1202 859 1279 iilagisler
892 1206 1026 1261 tractare
1059 1202 1099 1261 de

136 1311 335 1382 l'oenuentiu.
375 1307 429 1367 ubi
464 1329 570 1386 quoero
600 1315 671 1395 ‘tres
714 1309 916 1382 choesriones.
957 1308 1094 1369 Primo:

143 1418 256 1476 Ulrrmi
282 1416 467 1475 Poem'tenu'a
491 1417 670 1481 necessario¹
687 1417 871 1501 requiratur
903 1414 947 1473 ad
977 1414 1100 1475 deletio·

136 1544 206 1582 uem
224 1524 345 1601 perculi
366 1523 516 1582 mortalis.
542 1520 716 1582 Secundo:
749 1522 862 1580 Uirum
894 1528 980 1581 acius
997 1524 1096 1598 poui-

135 1631 221 1688 teudi
242 1631 412 1706 requisitus
444 1629 489 1687 ad
519 1630 698 1688 deletionem
728 1631 849 1705 peccati
881 1629 1022 1688 mortalis
1056 1631 1101 1688 sit

134 1743 234 1821 actius·
254 1737 390 1812 alicujus
412 1737 548 1803 uiruilis.
585 1734 724 1815 Tertio:
765 1736 882 1800 Uirum
912 1737 1096 1813 poeur'leulia

137 1846 237 1901 virtus
260 1844 303 1901 si!
323 1849 444 1901 lautum
468 1844 563 1900 unius
581 1849 683 1919 po‘uoe
707 1842 871 1920 z'uflr'clioa.

497 2072 684 2188 QoAEsno
704 2107 729 2168 1.

249 2253 304 2312 Ad
317 2254 460 2329 primam
488 2251 696 2325 Quiesu'ouem
720 2252 764 2309 sic
782 2251 990 2326 proceditur:
1030 2245 1033 2252 ’

226 2411 374 2473 Videtur
396 2412 488 2492 quod
512 2413 716 2491 poenitontia
740 2430 807 2472 non
833 2411 1024 2470 necessario
1048 2429 1099 2469 re-

135 2521 291 2598 quiratur
329 2518 371 2578 ad
409 2518 613 2579 deletionem
648 2518 778 2596 peccati
815 2516 978 2585 mortaliS,
1015 2518 1100 2596 quia

135 2636 291 2686 cessante
315 2619 391 2685 aotu
417 2626 567 2686 interiori
593 2634 626 2684 et
650 2625 811 2684 exteriori
847 2632 958 2683 cessat
992 2624 1094 2684 etiam

135 2741 333 2811 peccatum
359 2732 418 2791 sed
443 2743 539 2791 actus
563 2733 704 2792 interior
727 2731 768 2790 ed
785 2731 935 2790 exterior
949 2740 1096 2809 possunt

136 2858 270 2899 cessare
295 2840 368 2899 sine
392 2839 615 2918 poenitentia;
641 2856 735 2918 ergo.

230 2945 354 3005 Contra.
388 2946 464 3005 Luc.
504 2964 551 3022 13.
577 2944 654 3005 Nisi
680 2945 917 3024 poenitentiam
953 2945 1098 3024 egeritis

136 3071 256 3112 omnes
279 3050 381 3112 simul
405 3052 570 3131 peribitis.

226 3156 287 3219 Ao
312 3171 549 3219 nvloexmn
574 3158 676 3238 hujus
704 3155 916 3237 Quaestionis
950 3167 983 3218 et
1018 3157 1099 3217 alia-

135 3283 211 3325 rum
236 3262 475 3344 Quaestionum
510 3264 552 3325 de
586 3263 795 3325 Poenitentia
829 3274 881 3324 est
920 3263 1094 3324 sciendum

136 3372 228 3450 quod
252 3372 438 3433 secundum
465 3371 714 3452 Hieronymum
740 3381 917 3450 peccatum
952 3380 1004 3431 est
1038 3369 1097 3430 du-

135 3478 228 3557 plex,
249 3477 379 3538 scilicet
396 3487 475 3538 ante
491 3478 707 3557 Baptismum
725 3487 758 3538 et
775 3487 854 3557 post
868 3477 1094 3558 Baptismum.

136 3584 196 3644 Ad
220 3585 287 3644 ista
309 3593 422 3645 autem
447 3593 587 3664 peccata
602 3585 757 3664 sequitur
773 3581 1000 3664 naufragium,
1019 3583 1101 3643 ideo
