2600 4200
233 253 272 308 ,52
449 234 523 295 Lm.
551 231 602 294 IV
628 233 934 296 Sssnrssu‘nnuuu

299 414 355 472 ,ld
374 416 509 482 tertium,
538 413 722 493 respondet
757 411 927 494 Magister
959 413 1011 504 [ξύ.
1046 433 1075 473 2.
1108 413 1173 474 Ait

208 520 298 579 enirn
324 521 387 580 sic:
410 519 548 599 Juliano
572 539 633 600 per
657 538 786 581 sacrani
811 521 985 601 paginam,
1004 521 1095 599 quod
1111 538 1173 600 per

209 643 314 686 unum
350 625 522 687 hominem
558 628 700 688 intravit
723 636 900 706 peccatum
926 629 959 687 in
994 627 1170 696 mundum,

208 734 290 812 quia
324 751 385 812 per
419 735 521 794 unius
555 734 706 794 hominis
741 733 1016 800 inobedientiam.
1052 743 1089 794 ut
1123 736 1172 794 ait

210 839 412 919 Apostolus.

298 947 354 1006 Ad
373 953 520 1023 quartum
546 946 622 1008 dico
646 946 738 1027 quod
762 944 916 1008 deiectus
940 945 1025 1008 nihil
1041 947 1172 1007 habens

208 1053 250 1112 do
275 1052 468 1113 voluntario
494 1073 560 1113 non
586 1062 638 1114 cst
663 1051 888 1133 imputabilis;
913 1053 974 1113 sed
990 1053 1048 1114 ille
1064 1051 1172 1114 defec-

208 1162 264 1218 t'us
288 1158 390 1219 habet
414 1159 544 1238 aliquid
569 1160 610 1221 de
635 1160 815 1228 volumno,
841 1161 922 1238 quia
937 1179 981 1220 cx
994 1159 1171 1220 voluntate

207 1267 308 1345 primi
333 1268 489 1345 parentis·
509 1268 713 1328 seminatum
737 1275 799 1326 est.

297 1373 363 1432 Sed
382 1376 485 1432 oritur
507 1374 644 1440 dubium,
675 1392 751 1433 nam
784 1372 919 1452 parvuli
954 1382 1034 1434 sunt
1064 1373 1172 1452 bapti·

207 1478 316 1546 zaudi,
342 1490 380 1540 ut
403 1479 531 1540 dictum
557 1483 668 1541 estin
692 1499 721 1540 2.
748 1481 869 1548 Arria:
905 1480 965 1541 sed
1001 1479 1170 1540 interdurn

207 1586 344 1664 parvuli
370 1605 436 1647 non
462 1597 606 1666 possunt
642 1588 736 1647 nasci
771 1606 831 1647 seu
866 1589 962 1648 exirc
996 1587 1039 1647 de
1073 1596 1172 1646 utero

209 1701 373 1752 materno.
402 1693 569 1766 Quoerilur
592 1695 699 1774 igitur
722 1695 751 1754 si
776 1703 922 1772 possunt
945 1702 1024 1754 ante
1057 1703 1170 1753 ortum

207 1799 241 1858 in
267 1801 386 1860 matris
411 1809 506 1860 utero
519 1801 692 1880 baptizari.
712 1835 753 1844 -
770 1799 816 1862 Et
832 1801 967 1861 videtur
982 1800 1074 1878 quod
1087 1818 1167 1865 non.

208 1907 290 1983 quia
305 1907 523 1986 conjunctum
541 1926 655 1968 causae
672 1926 744 1967 suae
762 1908 979 1986 corruptivae,
997 1906 1077 1966 dum
1094 1925 1173 1966 con·

202 2011 372 2092 jungitur,
398 2032 465 2073 non
490 2021 605 2093 potest
628 2012 783 2074 mundari
809 2013 851 2073 ab
864 2013 923 2073 illa
936 2014 1170 2091 corruptione:

207 2120 267 2179 scd
291 2121 456 2199 parvulus
474 2122 507 2181 in
526 2130 622 2181 utero
639 2122 758 2182 matris
774 2131 827 2181 est
838 2122 1040 2202 conjunctus
1056 2139 1171 2181 causae

206 2244 278 2285 suae
301 2228 544 2306 corruptionis;
570 2246 655 2308 ergo
680 2229 712 2287 in
739 2237 835 2289 utero
859 2237 1012 2287 materno
1029 2246 1096 2287 non
1113 2246 1172 2305 po-

209 2341 276 2392 test
300 2334 467 2393 mundari,

301 2440 415 2499 Contra
439 2439 513 2509 hoc,
539 2459 615 2500 narn
641 2459 720 2501 caro
743 2442 862 2501 matris
886 2442 920 2501 in
944 2439 1170 2520 parvulonon

206 2556 259 2605 est
283 2564 386 2607 causa
409 2548 638 2626 corruptionis
664 2548 728 2608 nisi
752 2547 910 2617 mediata,
946 2566 1024 2608 caro
1056 2557 1169 2607 autem

206 2652 340 2732 parvuli
359 2663 411 2714 est
423 2672 526 2714 causa
541 2656 771 2734 corruptionis
786 2653 984 2714 immediata
999 2653 1171 2733 loquendo

206 2760 248 2819 dc
272 2760 490 2839 corruptione
515 2761 686 2842 originali.
712 2758 749 2821 Si
774 2779 859 2841 ergo
886 2770 999 2823 stante
1014 2760 1173 2841 conjunc·

206 2867 299 2927 tione
324 2866 366 2926 ad
390 2885 527 2927 causam
552 2868 782 2947 corruptionis
807 2886 873 2928 non
898 2876 1012 2946 potest
1028 2868 1170 2948 purgari

206 2973 249 3033 ab
275 2972 334 3032 illa
356 2982 462 3053 parte,
488 2975 643 3053 sequitur
667 2974 759 3053 quod
775 2974 940 3053 parvulus
956 2973 1085 3036 habens
1099 2991 1173 3035 car-

206 3080 284 3139 n'cm
310 3098 417 3149 suam,
443 3100 617 3161 nunquam
642 3100 663 3141 a
685 3089 826 3161 peccato
860 3080 1020 3161 originali
1055 3088 1172 3160 potest

205 3188 358 3267 purgari,
384 3186 476 3267 quod
500 3198 552 3248 cst
576 3198 695 3249 contra
717 3185 829 3247 fidem.

296 3292 464 3361 Praeterea,
494 3294 572 3355 licct
596 3294 762 3374 parvulus
785 3295 820 3354 in
844 3303 943 3355 utero
976 3294 1094 3355 matris
1123 3294 1175 3355 sit

206 3400 408 3479 conjunctus
432 3402 531 3461 matri
556 3402 721 3469 localiter,
745 3410 860 3461 tamen
877 3399 1059 3461 distinctus
1075 3398 1116 3460 ab
1129 3420 1174 3463 ea

205 3506 441 3583 personaliter,
466 3509 545 3588 quia
578 3507 681 3569 habet
715 3506 809 3568 aliud
842 3524 968 3587 corpus
1001 3516 1036 3567 et
1067 3506 1174 3569 aliam

206 3611 368 3685 animam
394 3613 455 3674 sed
478 3614 653 3675 distinctio
676 3612 868 3695 personalis
891 3610 1016 3675 suflicit
1047 3613 1090 3673 ad
1105 3614 1177 3676 dis·
