2600 4200
239 234 296 291 182
469 230 544 292 Lus.
570 230 621 291 IV
646 228 952 291 Saurru'nauuu
1226 246 1232 259 ·

300 409 485 486 Sequuntur
506 415 537 468 et
558 409 612 467 illu
637 426 716 488 quae
740 406 927 488 respiciunt
943 405 1069 469 Christi
1087 425 1174 487 prae-

206 514 425 583 dicationem,
450 524 485 575 et
508 523 588 575 sunt
603 514 686 575 duo:
706 514 817 573 Primo
833 512 1062 594 Evangelium
1080 512 1172 593 quod

207 622 336 683 dicitur
358 622 402 682 ad
417 620 612 701 aquilonem
629 621 672 682 ad
684 620 935 701 designandum
952 620 1044 700 quod
1061 618 1173 681 Evan-

209 727 341 811 gelium
365 736 418 788 est
441 735 561 788 contra
584 724 779 789 Luciferum
812 728 871 807 qui
906 726 1009 789 dicit:
1045 746 1169 807 ponam

209 834 326 895 sedem
349 852 460 895 meam
477 835 512 895 in
529 834 706 896 dexteram
724 834 905 914 aquilonis.
926 834 1102 894 Secundum
1119 844 1172 894 est

208 940 322 1003 Credo
344 941 402 1020 qui
428 941 553 1002 dicitur
574 949 609 1001 et
633 941 750 1021 signat
774 938 875 1001 fidem
894 958 996 1021 quam
1008 940 1172 1001 debemus

211 1058 347 1127 portare
382 1049 417 1108 in
451 1046 563 1116 corde,
588 1057 622 1108 et
658 1045 809 1127 profiteri
846 1066 914 1115 ore,
950 1048 1031 1127 quia
1065 1056 1102 1107 ut
1125 1046 1174 1107 ait

213 1153 427 1235 Apostolus:
453 1155 555 1215 corde
585 1154 735 1215 creditur
759 1154 801 1214 ad
832 1154 1011 1233 justitiam,
1036 1172 1095 1214 ore
1118 1174 1174 1214 au-

211 1271 282 1321 tem
305 1258 476 1322 confessio
499 1260 537 1322 fit
561 1261 603 1322 ad
627 1260 783 1322 salutem.
835 1307 840 1331 ‚

302 1366 412 1427 Postea
435 1374 611 1445 sequuntur
639 1387 675 1426 ea
710 1385 789 1446 quae
823 1366 1010 1447 respiciunt
1044 1364 1171 1435 Christi

211 1475 407 1553 passionem
431 1491 509 1554 quae
534 1474 658 1535 durant
691 1473 733 1534 ab
769 1470 952 1535 offertorio
988 1491 1096 1552 usque
1130 1472 1173 1533 ad

213 1580 343 1661 Agnus
366 1579 431 1641 Dei
458 1580 645 1642 exclusive.

305 1687 427 1761 Quarto
450 1696 641 1767 sequuntur
664 1706 705 1748 ea
728 1706 806 1767 quae
833 1687 1022 1767 respiciunt
1044 1684 1172 1747 Christi

212 1795 506 1863 resurrectionem,
530 1803 564 1854 et
587 1794 712 1855 dura-nt
736 1794 778 1853 ab
804 1793 931 1873 Agnus
963 1792 1028 1854 Dei
1064 1811 1174 1872 usque

198 1885 256 1961 'ad
279 1900 332 1961 -Ite
356 1899 466 1961 Missa
488 1909 540 1962 est
571 1900 757 1961 exclusive.

310 1988 425 2067 Ultimo
448 2008 588 2087 ponitur
610 2008 645 2067 in
671 2005 780 2067 Missa
804 2005 889 2067 illud
917 2007 1009 2087 quod
1033 2007 1173 2086 respicit

213 2114 340 2178 Christi
366 2114 615 2176 Ascensionem
638 2115 867 2175 ubidicitur:
904 2113 955 2175 Ite
979 2111 1088 2176 Missa
1121 2124 1176 2174 est

213 2224 311 2303 quasi
336 2222 428 2282 dicat
450 2220 619 2284 Sacerdos
642 2221 699 2282 vel
724 2219 919 2282 Diaconus:
946 2220 997 2281 Ite
1013 2221 1095 2301 quia
1117 2219 1176 2281 he

214 2331 282 2391 stia
304 2332 410 2391 missa
432 2339 484 2390 cst
508 2331 543 2390 in
566 2329 704 2397 coelum‚
726 2329 828 2408 juxta
851 2327 950 2407 illud:
976 2337 1174 2407 assumptus

212 2446 265 2498 cst
283 2438 317 2498 in
334 2437 475 2498 coelum.·
495 2435 629 2498 Chorus
645 2444 759 2496 autem
776 2434 988 2514 respondens
1005 2432 1080 2496 Deo
1096 2451 1173 2514 gra-

214 2545 281 2605 tias
304 2553 528 2623 repraesentat
552 2542 743 2622 Apostolos
775 2559 952 2622 regressos
974 2541 1021 2602 ‘in
1042 2539 1176 2620 Jerusa-

213 2652 281 2711 lem
305 2669 383 2712 cum
408 2650 535 2730 gaudio
559 2668 696 2730 magna.

304 2845 366 2905 Au
400 2857 673 2905 sueturauruu
710 2856 939 2904 rumenam
973 2843 1049 2904 dico
1083 2841 1176 2922 quod

215 2954 374 3032 quamvis
397 2952 442 3012 sit
466 2951 597 3012 licitum
622 2950 698 3011 Deo
727 2952 759 3010 in
796 2951 888 3010 omni
923 2949 999 3010 loco
1034 2950 1176 3015 servire.

214 3069 329 3119 tamen
354 3059 480 3119 nonin
512 3057 576 3117 hoc
611 3058 762 3126 servitio,
789 3057 852 3116 nisi
893 3057 928 3117 in
963 3055 1038 3116 loco
1061 3074 1179 3116 conse-

214 3178 319 3234 cratu,
354 3175 392 3225 ut
427 3146 564 3225 notatur
597 3163 739 3243 pulchre
777 3165 825 3222 Dr
848 3182 978 3223 consecr.
1003 3164 1075 3222 disi.
1098 3181 1126 3222 1.
1151 3185 1177 3223 c.

222 3273 399 3350 Um'cur'quc
414 3271 573 3351 fidelium.

615 3462 776 3672 ita
