<?xml version="1.0" encoding="UTF-8"?>
<!DOCTYPE html PUBLIC "-//W3C//DTD XHTML 1.0 Transitional//EN"
    "http://www.w3.org/TR/xhtml1/DTD/xhtml1-transitional.dtd">
<html xmlns="http://www.w3.org/1999/xhtml" xml:lang="en" lang="en">
 <head>
  <title>
</title>
<meta http-equiv="Content-Type" content="text/html;charset=utf-8" />
  <meta name='ocr-system' content='tesseract 3.04.00' />
  <meta name='ocr-capabilities' content='ocr_page ocr_carea ocr_par ocr_line ocrx_word'/>
</head>
<body>
  <div class='ocr_page' id='page_1' title='image "./commentariainli02scotgoog_0376.png"; bbox 0 0 2600 4200; ppageno 0'>
   <div class='ocr_carea' id='block_1_1' title="bbox 214 229 924 309">
    <p class='ocr_par' dir='ltr' id='par_1_1' title="bbox 214 229 924 309">
     <span class='ocr_line' id='line_1_1' title="bbox 214 229 924 309; baseline -0.001 -17"><span class='ocrx_word' id='word_1_1' title='bbox 214 236 254 309; x_wconf 79' lang='lat'>98</span> <span class='ocrx_word' id='word_1_2' title='bbox 440 231 515 292; x_wconf 81' lang='lat' dir='ltr'>Lm.</span> <span class='ocrx_word' id='word_1_3' title='bbox 540 230 592 292; x_wconf 94' lang='lat' dir='ltr'>IV</span> <span class='ocrx_word' id='word_1_4' title='bbox 617 229 924 294; x_wconf 74' lang='lat' dir='ltr'>Suuruunnuuu</span> 
     </span>
    </p>
   </div>
   <div class='ocr_carea' id='block_1_2' title="bbox 187 410 1152 2734">
    <p class='ocr_par' dir='ltr' id='par_1_2' title="bbox 187 410 1152 2503">
     <span class='ocr_line' id='line_1_2' title="bbox 190 410 1151 492; baseline 0 -22"><span class='ocrx_word' id='word_1_5' title='bbox 190 411 233 470; x_wconf 88' lang='lat' dir='ltr'>sti</span> <span class='ocrx_word' id='word_1_6' title='bbox 259 411 366 490; x_wconf 89' lang='lat' dir='ltr'>accipi</span> <span class='ocrx_word' id='word_1_7' title='bbox 390 419 493 492; x_wconf 91' lang='lat' dir='ltr'>prout</span> <span class='ocrx_word' id='word_1_8' title='bbox 516 410 660 472; x_wconf 90' lang='lat' dir='ltr'>includit</span> <span class='ocrx_word' id='word_1_9' title='bbox 683 411 798 472; x_wconf 90' lang='lat' dir='ltr'>omnia</span> <span class='ocrx_word' id='word_1_10' title='bbox 820 429 899 490; x_wconf 84' lang='lat' dir='ltr'>quae</span> <span class='ocrx_word' id='word_1_11' title='bbox 922 411 1095 491; x_wconf 90' lang='lat' dir='ltr'>pertinent</span> <span class='ocrx_word' id='word_1_12' title='bbox 1106 410 1151 470; x_wconf 91' lang='lat' dir='ltr'>ad</span> 
     </span>
     <span class='ocr_line' id='line_1_3' title="bbox 189 517 1152 600; baseline 0 -23"><span class='ocrx_word' id='word_1_13' title='bbox 189 524 298 578; x_wconf 89' lang='lat' dir='ltr'>totu&#39;m</span> <span class='ocrx_word' id='word_1_14' title='bbox 322 536 447 598; x_wconf 90' lang='lat' dir='ltr'>corpus</span> <span class='ocrx_word' id='word_1_15' title='bbox 470 520 682 600; x_wconf 89' lang='lat' dir='ltr'>organicum,</span> <span class='ocrx_word' id='word_1_16' title='bbox 707 519 782 582; x_wconf 87' lang='lat' dir='ltr'>sive</span> <span class='ocrx_word' id='word_1_17' title='bbox 805 519 874 579; x_wconf 90' lang='lat' dir='ltr'>sint</span> <span class='ocrx_word' id='word_1_18' title='bbox 897 526 1013 599; x_wconf 90' lang='lat' dir='ltr'>partes</span> <span class='ocrx_word' id='word_1_19' title='bbox 1024 517 1152 578; x_wconf 90' lang='lat' dir='ltr'>anima-</span> 
     </span>
     <span class='ocr_line' id='line_1_4' title="bbox 189 623 1151 707; baseline -0.001 -22"><span class='ocrx_word' id='word_1_20' title='bbox 189 631 234 684; x_wconf 83' lang='lat' dir='ltr'>tae</span> <span class='ocrx_word' id='word_1_21' title='bbox 256 626 330 686; x_wconf 92' lang='lat' dir='ltr'>sive</span> <span class='ocrx_word' id='word_1_22' title='bbox 354 643 432 695; x_wconf 89' lang='lat' dir='ltr'>non,</span> <span class='ocrx_word' id='word_1_23' title='bbox 458 633 496 686; x_wconf 94' lang='lat' dir='ltr'>ut</span> <span class='ocrx_word' id='word_1_24' title='bbox 518 624 680 686; x_wconf 90' lang='lat' dir='ltr'>humores</span> <span class='ocrx_word' id='word_1_25' title='bbox 695 634 730 686; x_wconf 92' lang='lat' dir='ltr'>et</span> <span class='ocrx_word' id='word_1_26' title='bbox 745 626 900 707; x_wconf 90' lang='lat' dir='ltr'>spiritus;</span> <span class='ocrx_word' id='word_1_27' title='bbox 917 633 952 686; x_wconf 95' lang='lat' dir='ltr'>et</span> <span class='ocrx_word' id='word_1_28' title='bbox 967 624 1032 685; x_wconf 91' lang='lat' dir='ltr'>hoc</span> <span class='ocrx_word' id='word_1_29' title='bbox 1047 623 1151 684; x_wconf 90' lang='lat' dir='ltr'>modo</span> 
     </span>
     <span class='ocr_line' id='line_1_5' title="bbox 189 730 1152 814; baseline 0 -23"><span class='ocrx_word' id='word_1_30' title='bbox 189 733 333 814; x_wconf 88' lang='lat' dir='ltr'>sanguis</span> <span class='ocrx_word' id='word_1_31' title='bbox 356 741 409 794; x_wconf 87' lang='lat' dir='ltr'>est</span> <span class='ocrx_word' id='word_1_32' title='bbox 432 731 562 812; x_wconf 90' lang='lat' dir='ltr'>aliquid</span> <span class='ocrx_word' id='word_1_33' title='bbox 585 734 748 812; x_wconf 89' lang='lat' dir='ltr'>corporis.</span> <span class='ocrx_word' id='word_1_34' title='bbox 784 731 900 796; x_wconf 90' lang='lat' dir='ltr'>Primo</span> <span class='ocrx_word' id='word_1_35' title='bbox 933 730 1036 792; x_wconf 91' lang='lat' dir='ltr'>modo</span> <span class='ocrx_word' id='word_1_36' title='bbox 1066 731 1152 792; x_wconf 90' lang='lat' dir='ltr'>acci-</span> 
     </span>
     <span class='ocr_line' id='line_1_6' title="bbox 188 838 1149 921; baseline -0.001 -22"><span class='ocrx_word' id='word_1_37' title='bbox 188 838 315 918; x_wconf 91' lang='lat' dir='ltr'>piendo</span> <span class='ocrx_word' id='word_1_38' title='bbox 337 857 462 919; x_wconf 91' lang='lat' dir='ltr'>corpus</span> <span class='ocrx_word' id='word_1_39' title='bbox 485 839 566 901; x_wconf 91' lang='lat' dir='ltr'>licet</span> <span class='ocrx_word' id='word_1_40' title='bbox 589 840 702 920; x_wconf 92' lang='lat' dir='ltr'>ipsum</span> <span class='ocrx_word' id='word_1_41' title='bbox 725 849 761 902; x_wconf 88' lang='lat' dir='ltr'>et</span> <span class='ocrx_word' id='word_1_42' title='bbox 786 840 929 921; x_wconf 87' lang='lat' dir='ltr'>sanguis</span> <span class='ocrx_word' id='word_1_43' title='bbox 953 840 1023 900; x_wconf 88' lang='lat' dir='ltr'>sint</span> <span class='ocrx_word' id='word_1_44' title='bbox 1036 840 1149 919; x_wconf 90' lang='lat' dir='ltr'>primo</span> 
     </span>
     <span class='ocr_line' id='line_1_7' title="bbox 189 945 1151 1027; baseline 0 -21"><span class='ocrx_word' id='word_1_45' title='bbox 189 945 326 1006; x_wconf 89' lang='lat' dir='ltr'>diversa</span> <span class='ocrx_word' id='word_1_46' title='bbox 349 946 495 1027; x_wconf 85' lang='lat' dir='ltr'>signata.</span> <span class='ocrx_word' id='word_1_47' title='bbox 520 947 734 1007; x_wconf 89' lang='lat' dir='ltr'>constituunt</span> <span class='ocrx_word' id='word_1_48' title='bbox 757 954 871 1007; x_wconf 91' lang='lat' dir='ltr'>tamen</span> <span class='ocrx_word' id='word_1_49' title='bbox 899 964 1004 1006; x_wconf 92' lang='lat' dir='ltr'>unum</span> <span class='ocrx_word' id='word_1_50' title='bbox 1035 947 1151 1026; x_wconf 89' lang='lat' dir='ltr'>signa-</span> 
     </span>
     <span class='ocr_line' id='line_1_8' title="bbox 188 1050 1150 1133; baseline 0 -21"><span class='ocrx_word' id='word_1_51' title='bbox 188 1061 261 1113; x_wconf 92' lang='lat' dir='ltr'>tum</span> <span class='ocrx_word' id='word_1_52' title='bbox 286 1050 400 1122; x_wconf 90' lang='lat' dir='ltr'>totale,</span> <span class='ocrx_word' id='word_1_53' title='bbox 424 1051 516 1132; x_wconf 91' lang='lat' dir='ltr'>quod</span> <span class='ocrx_word' id='word_1_54' title='bbox 540 1061 593 1114; x_wconf 89' lang='lat' dir='ltr'>est</span> <span class='ocrx_word' id='word_1_55' title='bbox 616 1070 741 1133; x_wconf 92' lang='lat' dir='ltr'>corpus</span> <span class='ocrx_word' id='word_1_56' title='bbox 763 1052 914 1114; x_wconf 91' lang='lat' dir='ltr'>secundo</span> <span class='ocrx_word' id='word_1_57' title='bbox 936 1051 1039 1113; x_wconf 91' lang='lat' dir='ltr'>modo</span> <span class='ocrx_word' id='word_1_58' title='bbox 1059 1070 1150 1113; x_wconf 92' lang='lat' dir='ltr'>sum-</span> 
     </span>
     <span class='ocr_line' id='line_1_9' title="bbox 188 1159 1149 1240; baseline 0 -21"><span class='ocrx_word' id='word_1_59' title='bbox 188 1167 295 1239; x_wconf 91' lang='lat' dir='ltr'>ptum,</span> <span class='ocrx_word' id='word_1_60' title='bbox 321 1167 354 1220; x_wconf 92' lang='lat' dir='ltr'>et</span> <span class='ocrx_word' id='word_1_61' title='bbox 385 1159 433 1221; x_wconf 90' lang='lat' dir='ltr'>ita</span> <span class='ocrx_word' id='word_1_62' title='bbox 466 1160 642 1240; x_wconf 87' lang='lat' dir='ltr'>proprium</span> <span class='ocrx_word' id='word_1_63' title='bbox 678 1160 817 1240; x_wconf 87' lang='lat' dir='ltr'>signum</span> <span class='ocrx_word' id='word_1_64' title='bbox 851 1160 1004 1239; x_wconf 89' lang='lat' dir='ltr'>corporis</span> <span class='ocrx_word' id='word_1_65' title='bbox 1036 1160 1149 1238; x_wconf 90' lang='lat' dir='ltr'>primo</span> 
     </span>
     <span class='ocr_line' id='line_1_10' title="bbox 188 1265 1148 1348; baseline 0 -22"><span class='ocrx_word' id='word_1_66' title='bbox 188 1265 299 1335; x_wconf 90' lang='lat' dir='ltr'>modo,</span> <span class='ocrx_word' id='word_1_67' title='bbox 324 1274 359 1327; x_wconf 95' lang='lat' dir='ltr'>et</span> <span class='ocrx_word' id='word_1_68' title='bbox 374 1266 513 1348; x_wconf 90' lang='lat' dir='ltr'>signum</span> <span class='ocrx_word' id='word_1_69' title='bbox 526 1268 702 1348; x_wconf 92' lang='lat' dir='ltr'>proprium</span> <span class='ocrx_word' id='word_1_70' title='bbox 714 1267 895 1348; x_wconf 78' lang='lat' dir='ltr'><strong>sanguinis</strong></span> <span class='ocrx_word' id='word_1_71' title='bbox 910 1274 1057 1346; x_wconf 89' lang='lat' dir='ltr'><strong>possunt</strong></span> <span class='ocrx_word' id='word_1_72' title='bbox 1071 1283 1148 1326; x_wconf 90' lang='lat' dir='ltr'>esse</span> 
     </span>
     <span class='ocr_line' id='line_1_11' title="bbox 189 1372 1150 1455; baseline -0.001 -23"><span class='ocrx_word' id='word_1_73' title='bbox 189 1390 294 1433; x_wconf 91' lang='lat' dir='ltr'>unum</span> <span class='ocrx_word' id='word_1_74' title='bbox 318 1373 456 1454; x_wconf 88' lang='lat' dir='ltr'>signum</span> <span class='ocrx_word' id='word_1_75' title='bbox 481 1375 611 1435; x_wconf 90' lang='lat' dir='ltr'>unitate</span> <span class='ocrx_word' id='word_1_76' title='bbox 635 1373 845 1455; x_wconf 82' lang='lat' dir='ltr'>integritatis</span> <span class='ocrx_word' id='word_1_77' title='bbox 860 1381 895 1434; x_wconf 92' lang='lat' dir='ltr'>et</span> <span class='ocrx_word' id='word_1_78' title='bbox 910 1391 978 1434; x_wconf 92' lang='lat' dir='ltr'>non</span> <span class='ocrx_word' id='word_1_79' title='bbox 995 1372 1150 1434; x_wconf 88' lang='lat' dir='ltr'>indivisi·</span> 
     </span>
     <span class='ocr_line' id='line_1_12' title="bbox 187 1475 1151 1561; baseline 0 -22"><span class='ocrx_word' id='word_1_80' title='bbox 187 1478 340 1540; x_wconf 88' lang='lat' dir='ltr'>bilitatis.</span> <span class='ocrx_word' id='word_1_81' title='bbox 373 1477 419 1541; x_wconf 90' lang='lat' dir='ltr'>Et</span> <span class='ocrx_word' id='word_1_82' title='bbox 452 1497 644 1561; x_wconf 85' lang='lat' dir='ltr'>congruum</span> <span class='ocrx_word' id='word_1_83' title='bbox 678 1489 732 1541; x_wconf 89' lang='lat' dir='ltr'>est</span> <span class='ocrx_word' id='word_1_84' title='bbox 766 1481 815 1541; x_wconf 89' lang='lat' dir='ltr'>sic</span> <span class='ocrx_word' id='word_1_85' title='bbox 849 1497 926 1540; x_wconf 88' lang='lat' dir='ltr'>esse</span> <span class='ocrx_word' id='word_1_86' title='bbox 960 1487 998 1540; x_wconf 94' lang='lat' dir='ltr'>ut</span> <span class='ocrx_word' id='word_1_87' title='bbox 1032 1475 1151 1540; x_wconf 87' lang='lat' dir='ltr'>Sacra·</span> 
     </span>
     <span class='ocr_line' id='line_1_13' title="bbox 188 1585 1149 1667; baseline 0 -21"><span class='ocrx_word' id='word_1_88' title='bbox 188 1594 339 1647; x_wconf 89' lang='lat' dir='ltr'>mentum</span> <span class='ocrx_word' id='word_1_89' title='bbox 364 1585 428 1648; x_wconf 90' lang='lat' dir='ltr'>hoc</span> <span class='ocrx_word' id='word_1_90' title='bbox 452 1586 576 1648; x_wconf 89' lang='lat' dir='ltr'>habeat</span> <span class='ocrx_word' id='word_1_91' title='bbox 600 1587 765 1648; x_wconf 90' lang='lat' dir='ltr'>unitatem</span> <span class='ocrx_word' id='word_1_92' title='bbox 789 1586 999 1667; x_wconf 85' lang='lat' dir='ltr'>integritatis</span> <span class='ocrx_word' id='word_1_93' title='bbox 1013 1594 1049 1646; x_wconf 91' lang='lat' dir='ltr'>et</span> <span class='ocrx_word' id='word_1_94' title='bbox 1063 1585 1149 1646; x_wconf 92' lang='lat' dir='ltr'>indi-</span> 
     </span>
     <span class='ocr_line' id='line_1_14' title="bbox 188 1691 1151 1773; baseline 0.001 -21"><span class='ocrx_word' id='word_1_95' title='bbox 188 1691 409 1760; x_wconf 87' lang='lat' dir='ltr'>visibilitatis,</span> <span class='ocrx_word' id='word_1_96' title='bbox 434 1692 602 1773; x_wconf 90' lang='lat' dir='ltr'>quiahoc</span> <span class='ocrx_word' id='word_1_97' title='bbox 626 1691 883 1756; x_wconf 75' lang='lat' dir='ltr'>Sacramentum</span> <span class='ocrx_word' id='word_1_98' title='bbox 915 1701 969 1754; x_wconf 91' lang='lat' dir='ltr'>est</span> <span class='ocrx_word' id='word_1_99' title='bbox 995 1692 1037 1753; x_wconf 89' lang='lat' dir='ltr'>ad</span> <span class='ocrx_word' id='word_1_100' title='bbox 1060 1710 1151 1753; x_wconf 91' lang='lat' dir='ltr'>com·</span> 
     </span>
     <span class='ocr_line' id='line_1_15' title="bbox 187 1798 1149 1879; baseline 0 -20"><span class='ocrx_word' id='word_1_101' title='bbox 187 1798 314 1879; x_wconf 91' lang='lat' dir='ltr'>pletam</span> <span class='ocrx_word' id='word_1_102' title='bbox 339 1800 560 1861; x_wconf 88' lang='lat' dir='ltr'>nutritionem</span> <span class='ocrx_word' id='word_1_103' title='bbox 584 1802 719 1871; x_wconf 80' lang='lat' dir='ltr'>animae,</span> <span class='ocrx_word' id='word_1_104' title='bbox 744 1801 833 1861; x_wconf 93' lang='lat' dir='ltr'>sicut</span> <span class='ocrx_word' id='word_1_105' title='bbox 859 1799 990 1879; x_wconf 92' lang='lat' dir='ltr'>aliquid</span> <span class='ocrx_word' id='word_1_106' title='bbox 1020 1808 1074 1860; x_wconf 90' lang='lat' dir='ltr'>est</span> <span class='ocrx_word' id='word_1_107' title='bbox 1104 1799 1149 1859; x_wconf 88' lang='lat' dir='ltr'>ad</span> 
     </span>
     <span class='ocr_line' id='line_1_16' title="bbox 187 1905 1150 1988; baseline 0 -22"><span class='ocrx_word' id='word_1_108' title='bbox 187 1905 391 1987; x_wconf 90' lang='lat' dir='ltr'>completam</span> <span class='ocrx_word' id='word_1_109' title='bbox 415 1915 449 1967; x_wconf 92' lang='lat' dir='ltr'>et</span> <span class='ocrx_word' id='word_1_110' title='bbox 463 1905 647 1986; x_wconf 86' lang='lat' dir='ltr'>perfectam</span> <span class='ocrx_word' id='word_1_111' title='bbox 664 1907 886 1968; x_wconf 87' lang='lat' dir='ltr'>nutritionem</span> <span class='ocrx_word' id='word_1_112' title='bbox 902 1906 1070 1988; x_wconf 87' lang='lat' dir='ltr'>corporis;</span> <span class='ocrx_word' id='word_1_113' title='bbox 1087 1905 1150 1966; x_wconf 90' lang='lat' dir='ltr'>sed</span> 
     </span>
     <span class='ocr_line' id='line_1_17' title="bbox 187 2012 1148 2094; baseline -0.001 -22"><span class='ocrx_word' id='word_1_114' title='bbox 187 2012 358 2092; x_wconf 85' lang='lat' dir='ltr'>completa</span> <span class='ocrx_word' id='word_1_115' title='bbox 381 2014 522 2074; x_wconf 91' lang='lat' dir='ltr'>nutritio</span> <span class='ocrx_word' id='word_1_116' title='bbox 546 2015 700 2094; x_wconf 89' lang='lat' dir='ltr'>corporis</span> <span class='ocrx_word' id='word_1_117' title='bbox 722 2022 775 2074; x_wconf 90' lang='lat' dir='ltr'>est</span> <span class='ocrx_word' id='word_1_118' title='bbox 799 2014 834 2074; x_wconf 92' lang='lat' dir='ltr'>in</span> <span class='ocrx_word' id='word_1_119' title='bbox 859 2013 974 2093; x_wconf 88' lang='lat' dir='ltr'>aliquo</span> <span class='ocrx_word' id='word_1_120' title='bbox 990 2030 1060 2073; x_wconf 91' lang='lat' dir='ltr'>uno</span> <span class='ocrx_word' id='word_1_121' title='bbox 1076 2013 1148 2076; x_wconf 88' lang='lat' dir='ltr'>uni-</span> 
     </span>
     <span class='ocr_line' id='line_1_18' title="bbox 187 2120 1148 2205; baseline -0.001 -25"><span class='ocrx_word' id='word_1_122' title='bbox 187 2128 256 2181; x_wconf 88' lang='lat' dir='ltr'>tate</span> <span class='ocrx_word' id='word_1_123' title='bbox 280 2121 489 2202; x_wconf 81' lang='lat' dir='ltr'>integritatis</span> <span class='ocrx_word' id='word_1_124' title='bbox 513 2131 547 2183; x_wconf 92' lang='lat' dir='ltr'>et</span> <span class='ocrx_word' id='word_1_125' title='bbox 571 2140 638 2183; x_wconf 91' lang='lat' dir='ltr'>non</span> <span class='ocrx_word' id='word_1_126' title='bbox 663 2121 958 2205; x_wconf 70' lang='lat' dir='ltr'>indivisibilitatis,</span> <span class='ocrx_word' id='word_1_127' title='bbox 976 2120 1067 2183; x_wconf 91' lang='lat' dir='ltr'>unde</span> <span class='ocrx_word' id='word_1_128' title='bbox 1078 2138 1148 2181; x_wconf 91' lang='lat' dir='ltr'>non</span> 
     </span>
     <span class='ocr_line' id='line_1_19' title="bbox 188 2226 1148 2309; baseline 0 -22"><span class='ocrx_word' id='word_1_129' title='bbox 188 2229 295 2289; x_wconf 90' lang='lat' dir='ltr'>nutrit</span> <span class='ocrx_word' id='word_1_130' title='bbox 318 2226 467 2308; x_wconf 83' lang='lat' dir='ltr'>perfecte</span> <span class='ocrx_word' id='word_1_131' title='bbox 490 2229 587 2290; x_wconf 92' lang='lat' dir='ltr'>cibus</span> <span class='ocrx_word' id='word_1_132' title='bbox 610 2230 685 2294; x_wconf 90' lang='lat' dir='ltr'>sine</span> <span class='ocrx_word' id='word_1_133' title='bbox 708 2238 802 2309; x_wconf 90' lang='lat' dir='ltr'>potu,</span> <span class='ocrx_word' id='word_1_134' title='bbox 828 2246 890 2289; x_wconf 91' lang='lat' dir='ltr'>nec</span> <span class='ocrx_word' id='word_1_135' title='bbox 913 2246 933 2288; x_wconf 94' lang='lat' dir='ltr'>e</span> <span class='ocrx_word' id='word_1_136' title='bbox 955 2228 1148 2299; x_wconf 87' lang='lat' dir='ltr'>contrario;</span> 
     </span>
     <span class='ocr_line' id='line_1_20' title="bbox 187 2333 1150 2415; baseline 0 -21"><span class='ocrx_word' id='word_1_137' title='bbox 187 2352 272 2415; x_wconf 87' lang='lat' dir='ltr'>ergo</span> <span class='ocrx_word' id='word_1_138' title='bbox 295 2333 360 2395; x_wconf 93' lang='lat' dir='ltr'>hoc</span> <span class='ocrx_word' id='word_1_139' title='bbox 384 2334 642 2397; x_wconf 83' lang='lat' dir='ltr'>Sacramentum</span> <span class='ocrx_word' id='word_1_140' title='bbox 667 2344 721 2396; x_wconf 90' lang='lat' dir='ltr'>est</span> <span class='ocrx_word' id='word_1_141' title='bbox 744 2352 849 2396; x_wconf 91' lang='lat' dir='ltr'>unum</span> <span class='ocrx_word' id='word_1_142' title='bbox 862 2335 993 2395; x_wconf 91' lang='lat' dir='ltr'>unitate</span> <span class='ocrx_word' id='word_1_143' title='bbox 1009 2334 1150 2415; x_wconf 87' lang='lat' dir='ltr'>integri-</span> 
     </span>
     <span class='ocr_line' id='line_1_21' title="bbox 187 2441 735 2503; baseline 0.004 -3"><span class='ocrx_word' id='word_1_144' title='bbox 187 2441 268 2501; x_wconf 89' lang='lat' dir='ltr'>tatis</span> <span class='ocrx_word' id='word_1_145' title='bbox 291 2450 325 2501; x_wconf 88' lang='lat' dir='ltr'>et</span> <span class='ocrx_word' id='word_1_146' title='bbox 349 2460 416 2502; x_wconf 91' lang='lat' dir='ltr'>non</span> <span class='ocrx_word' id='word_1_147' title='bbox 441 2441 735 2503; x_wconf 90' lang='lat' dir='ltr'>indivisibilitatis.</span> 
     </span>
    </p>

    <p class='ocr_par' dir='ltr' id='par_1_3' title="bbox 187 2545 1152 2734">
     <span class='ocr_line' id='line_1_22' title="bbox 276 2545 1152 2630; baseline -0.002 -22"><span class='ocrx_word' id='word_1_148' title='bbox 276 2545 322 2608; x_wconf 89' lang='lat' dir='ltr'>Et</span> <span class='ocrx_word' id='word_1_149' title='bbox 356 2566 416 2628; x_wconf 92' lang='lat' dir='ltr'>per</span> <span class='ocrx_word' id='word_1_150' title='bbox 447 2548 511 2609; x_wconf 93' lang='lat' dir='ltr'>hoc</span> <span class='ocrx_word' id='word_1_151' title='bbox 545 2556 640 2628; x_wconf 89' lang='lat' dir='ltr'>patet</span> <span class='ocrx_word' id='word_1_152' title='bbox 674 2548 718 2609; x_wconf 91' lang='lat' dir='ltr'>ad</span> <span class='ocrx_word' id='word_1_153' title='bbox 751 2556 993 2630; x_wconf 89' lang='lat' dir='ltr'>argumentum</span> <span class='ocrx_word' id='word_1_154' title='bbox 1028 2548 1152 2626; x_wconf 89' lang='lat' dir='ltr'>princi·</span> 
     </span>
     <span class='ocr_line' id='line_1_23' title="bbox 187 2653 361 2734; baseline 0.017 -22"><span class='ocrx_word' id='word_1_155' title='bbox 187 2653 274 2734; x_wconf 83' lang='lat' dir='ltr'>pale,</span> <span class='ocrx_word' id='word_1_156' title='bbox 299 2663 361 2715; x_wconf 91' lang='lat' dir='ltr'>etc.</span> 
     </span>
    </p>
   </div>
   <div class='ocr_carea' id='block_1_3' title="bbox 468 2900 870 2983">
    <p class='ocr_par' dir='ltr' id='par_1_4' title="bbox 468 2900 870 2983">
     <span class='ocr_line' id='line_1_24' title="bbox 468 2900 870 2983; baseline -0.007 -18"><span class='ocrx_word' id='word_1_157' title='bbox 468 2900 653 2983; x_wconf 79' lang='lat' dir='ltr'>QuAEsmo</span> <span class='ocrx_word' id='word_1_158' title='bbox 677 2902 711 2963; x_wconf 93' lang='lat' dir='ltr'>II</span> <span class='ocrx_word' id='word_1_159' title='bbox 736 2916 782 2962; x_wconf 83' lang='lat' dir='ltr'>ET</span> <span class='ocrx_word' id='word_1_160' title='bbox 808 2900 870 2962; x_wconf 90' lang='lat' dir='ltr'><strong>III.</strong></span> 
     </span>
    </p>
   </div>
   <div class='ocr_carea' id='block_1_4' title="bbox 180 3044 1150 3227">
    <p class='ocr_par' dir='ltr' id='par_1_5' title="bbox 180 3044 1150 3227">
     <span class='ocr_line' id='line_1_25' title="bbox 276 3044 1150 3118; baseline -0.001 -15"><span class='ocrx_word' id='word_1_161' title='bbox 276 3044 332 3103; x_wconf 82' lang='lat' dir='ltr'>Ad</span> <span class='ocrx_word' id='word_1_162' title='bbox 351 3046 515 3105; x_wconf 84' lang='lat' dir='ltr'>secundam</span> <span class='ocrx_word' id='word_1_163' title='bbox 539 3052 569 3105; x_wconf 82' lang='lat' dir='ltr'>et</span> <span class='ocrx_word' id='word_1_164' title='bbox 590 3047 714 3105; x_wconf 62' lang='lat' dir='ltr'>ternum</span> <span class='ocrx_word' id='word_1_165' title='bbox 745 3046 955 3118; x_wconf 80' lang='lat' dir='ltr'>Quaeslionem</span> <span class='ocrx_word' id='word_1_166' title='bbox 979 3044 1079 3103; x_wconf 80' lang='lat' dir='ltr'>simul</span> <span class='ocrx_word' id='word_1_167' title='bbox 1105 3046 1150 3103; x_wconf 81' lang='lat' dir='ltr'>sic</span> 
     </span>
     <span class='ocr_line' id='line_1_26' title="bbox 180 3152 384 3227; baseline 0 -18"><span class='ocrx_word' id='word_1_168' title='bbox 180 3152 384 3227; x_wconf 69' lang='lat' dir='ltr'>proceditur:</span> 
     </span>
    </p>
   </div>
   <div class='ocr_carea' id='block_1_5' title="bbox 186 3292 1151 3692">
    <p class='ocr_par' dir='ltr' id='par_1_6' title="bbox 186 3292 1151 3692">
     <span class='ocr_line' id='line_1_27' title="bbox 276 3292 1151 3373; baseline -0.001 -20"><span class='ocrx_word' id='word_1_169' title='bbox 276 3292 423 3355; x_wconf 89' lang='lat' dir='ltr'>Videtur</span> <span class='ocrx_word' id='word_1_170' title='bbox 446 3292 537 3373; x_wconf 92' lang='lat' dir='ltr'>quod</span> <span class='ocrx_word' id='word_1_171' title='bbox 562 3293 622 3354; x_wconf 89' lang='lat' dir='ltr'>illa</span> <span class='ocrx_word' id='word_1_172' title='bbox 644 3312 713 3354; x_wconf 91' lang='lat' dir='ltr'>non</span> <span class='ocrx_word' id='word_1_173' title='bbox 737 3295 782 3353; x_wconf 93' lang='lat' dir='ltr'>sit</span> <span class='ocrx_word' id='word_1_174' title='bbox 805 3292 915 3353; x_wconf 83' lang='lat' dir='ltr'>forma</span> <span class='ocrx_word' id='word_1_175' title='bbox 926 3293 1151 3354; x_wconf 87' lang='lat' dir='ltr'>consecratio-</span> 
     </span>
     <span class='ocr_line' id='line_1_28' title="bbox 187 3396 1151 3481; baseline -0.002 -20"><span class='ocrx_word' id='word_1_176' title='bbox 187 3402 241 3461; x_wconf 90' lang='lat' dir='ltr'>nis</span> <span class='ocrx_word' id='word_1_177' title='bbox 264 3400 425 3481; x_wconf 90' lang='lat' dir='ltr'>Corporis</span> <span class='ocrx_word' id='word_1_178' title='bbox 449 3399 576 3463; x_wconf 90' lang='lat' dir='ltr'>Christi</span> <span class='ocrx_word' id='word_1_179' title='bbox 601 3420 679 3481; x_wconf 87' lang='lat' dir='ltr'>quae</span> <span class='ocrx_word' id='word_1_180' title='bbox 703 3401 844 3481; x_wconf 91' lang='lat' dir='ltr'>ponitur</span> <span class='ocrx_word' id='word_1_181' title='bbox 866 3400 901 3459; x_wconf 91' lang='lat' dir='ltr'>in</span> <span class='ocrx_word' id='word_1_182' title='bbox 925 3418 1056 3460; x_wconf 87' lang='lat' dir='ltr'>canone</span> <span class='ocrx_word' id='word_1_183' title='bbox 1067 3396 1151 3459; x_wconf 90' lang='lat' dir='ltr'>Mis·</span> 
     </span>
     <span class='ocr_line' id='line_1_29' title="bbox 187 3507 1150 3585; baseline -0.004 -18"><span class='ocrx_word' id='word_1_184' title='bbox 187 3526 250 3568; x_wconf 83' lang='lat' dir='ltr'>sae:</span> <span class='ocrx_word' id='word_1_185' title='bbox 276 3508 343 3566; x_wconf 88' lang='lat' dir='ltr'>Hoc</span> <span class='ocrx_word' id='word_1_186' title='bbox 366 3514 412 3567; x_wconf 80' lang='lat' dir='ltr'>esi</span> <span class='ocrx_word' id='word_1_187' title='bbox 440 3509 523 3567; x_wconf 86' lang='lat' dir='ltr'>enim</span> <span class='ocrx_word' id='word_1_188' title='bbox 557 3514 669 3585; x_wconf 80' lang='lat' dir='ltr'>corpus</span> <span class='ocrx_word' id='word_1_189' title='bbox 703 3527 816 3574; x_wconf 83' lang='lat' dir='ltr'>meum,</span> <span class='ocrx_word' id='word_1_190' title='bbox 855 3507 909 3566; x_wconf 77' lang='lat' dir='ltr'>lioc</span> <span class='ocrx_word' id='word_1_191' title='bbox 943 3511 989 3566; x_wconf 80' lang='lat' dir='ltr'>est</span> <span class='ocrx_word' id='word_1_192' title='bbox 1017 3508 1150 3582; x_wconf 78' lang='lat' dir='ltr'>sanguis</span> 
     </span>
     <span class='ocr_line' id='line_1_30' title="bbox 186 3611 1150 3692; baseline 0 -21"><span class='ocrx_word' id='word_1_193' title='bbox 186 3632 280 3677; x_wconf 85' lang='lat' dir='ltr'>meus,</span> <span class='ocrx_word' id='word_1_194' title='bbox 311 3613 366 3674; x_wconf 83' lang='lat' dir='ltr'>vol</span> <span class='ocrx_word' id='word_1_195' title='bbox 390 3614 438 3673; x_wconf 79' lang='lat' dir='ltr'>iric</span> <span class='ocrx_word' id='word_1_196' title='bbox 461 3621 508 3675; x_wconf 79' lang='lat' dir='ltr'>es!</span> <span class='ocrx_word' id='word_1_197' title='bbox 528 3616 616 3673; x_wconf 63' lang='lat' dir='ltr'>color</span> <span class='ocrx_word' id='word_1_198' title='bbox 639 3616 809 3691; x_wconf 78' lang='lat' dir='ltr'>sanguinis</span> <span class='ocrx_word' id='word_1_199' title='bbox 840 3614 910 3679; x_wconf 82' lang='lat' dir='ltr'>mei,</span> <span class='ocrx_word' id='word_1_200' title='bbox 944 3614 1026 3692; x_wconf 83' lang='lat' dir='ltr'>quia</span> <span class='ocrx_word' id='word_1_201' title='bbox 1057 3611 1150 3673; x_wconf 86' lang='lat' dir='ltr'>istud</span> 
     </span>
    </p>
   </div>
   <div class='ocr_carea' id='block_1_6' title="bbox 0 0 1304 4200">
    <p class='ocr_par' dir='ltr' id='par_1_7' title="bbox 0 0 1304 4200">
     <span class='ocr_line' id='line_1_31' title="bbox 0 0 1304 4200; baseline 0 0"><span class='ocrx_word' id='word_1_202' title='bbox 0 0 1304 4200; x_wconf 95' lang='lat' dir='ltr'> </span> 
     </span>
    </p>
   </div>
  </div>
 </body>
</html>
