2600 4200
217 217 276 275 130
449 195 523 256 Lrss.
550 193 601 256 IV
626 193 935 258 Sauraunnuurr
1152 207 1156 218 ·

188 373 270 436 Ideo
293 374 370 435 dico
393 375 492 435 aliter
515 375 578 434 sic:
615 373 694 436 Non
729 384 782 435 est
817 373 1029 455 impossibile
1060 372 1149 436 idem

157 499 312 560 ·corpus
335 499 411 542 esse
442 483 477 544 in
512 499 581 542 uno
612 480 688 542 loco
715 482 924 559 ‘quantitative
954 490 988 542 et
1019 482 1054 542 in
1082 480 1151 541 alio

188 606 271 659 n0n;
296 587 356 648 sed
380 585 506 650 Christi
530 565 666 669 ”corpus
688 597 741 648 est
766 587 800 648 in
825 588 915 648 coelo
931 589 1144 666 quantitative,

188 695 223 754 in
248 694 345 754 altari
370 705 482 756 autem
508 715 568 754 non
592 695 797 773 quantitative
820 695 902 773 quia
925 713 993 754 non
1021 703 1074 755 est
1102 693 1147 754 ibi

187 798 374 861 secundum
398 798 551 866 ordinem
575 802 724 880 partium
748 801 783 861 in
807 801 893 869 loco,
919 799 999 862 licet
1026 799 1071 860 ibi
1103 801 1150 860 sit

188 907 374 968 secundum
398 905 552 968 ordinem
575 907 723 986 partium
759 907 794 966 in
831 916 914 976 toto¹
951 914 989 966 ut
1019 905 1148 967 dictum

187 1010 297 1073 luerat
321 1015 354 1072 in
377 1032 406 1074 2.
435 1013 551 1088 Quasi.
588 1033 616 1089 9.
643 1013 748 1079 Dist.,·
781 1031 866 1094 ergo
900 1013 990 1073 idem
1024 1029 1150 1092 corpus

187 1127 301 1198 potest
324 1137 399 1182 esse
423 1120 457 1181 in
481 1117 570 1180 coelo
595 1128 629 1181 et
652 1120 687 1180 in
712 1118 938 1182 Eucharistia.
964 1116 1002 1180 Si
1034 1127 1149 1180 autem

186 1234 342 1286 teneatur
366 1225 457 1306 quod
481 1228 515 1286 in
539 1226 682 1306 praeced.
708 1223 836 1306 Quaest.
862 1225 1060 1286 conclusum
1084 1233 1148 1294 est,

186 1333 278 1411 quod
302 1331 432 1396 scilicet
456 1333 545 1394 idem
569 1350 694 1412 corpus
717 1340 834 1412 posset
858 1351 934 1393 esse
945 1331 1100 1393 localiter
1112 1331 1148 1392 in

186 1439 342 1518 'pluribus
366 1439 461 1508 locis,
486 1441 634 1519 quaestio
658 1447 711 1500 est
735 1439 856 1500 soluta.

275 1649 337 1710 AD
361 1663 635 1712 ARGUMENTUM
660 1653 693 1710 in
716 1653 909 1711 contrarium
944 1650 1021 1711 dico
1055 1649 1148 1729 quod

185 1756 273 1817 ratio
297 1754 450 1818 formalis
473 1765 587 1837 potest
610 1756 759 1838 intelligi
783 1757 974 1838 dupliciter,
1015 1755 1146 1817 seilicet

186 1881 248 1942 pro
272 1866 403 1924 ratione
434 1861 568 1925 lormali
603 1865 762 1944 proxima
795 1865 851 1925 vel
886 1872 1029 1952 remota
1045 1865 1148 1924 ·sicut

185 1969 278 2030 calor
301 1968 427 2031 dicitur
448 1967 602 2032 formalis
625 1971 712 2031 ratio
736 1971 871 2051 agendi,
896 1970 1021 2031 dicitur
1044 1971 1147 2030 etiam

186 2073 338 2138 formalis
362 2078 449 2139 ratio
473 2077 618 2140 essendi.
644 2075 810 2140 Similiter
833 2075 1005 2157 loquendo
1022 2075 1064 2138 de
1080 2076 1147 2157 pri-

185 2202 242 2243 ma
265 2184 405 2275 ratione,
430 2194 544 2265 potest
570 2184 709 2246 concedi
744 2184 836 2265 quod
871 2186 946 2245 sine
969 2180 1148 2263 'plurifica-

185 2292 278 2351 tione
302 2288 404 2371 hujus
429 2304 495 2354 non
520 2289 732 2371 plurificatur
755 2290 840 2352 illud
864 2292 961 2372 cujus
984 2299 1037 2351 est
1060 2292 1147 2351 ratio

185 2395 352 2469 formalis;
378 2397 438 2459 sed
462 2398 505 2458 de
528 2400 660 2459 ratione
694 2396 827 2459 formali
863 2397 1014 2459 secundo
1044 2396 1147 2457 modo

185 2503 309 2565 falsum
345 2514 410 2577 est;
447 2506 620 2584 quantitas
655 2514 768 2565 autem
804 2524 871 2565 non
907 2513 959 2565 est
993 2502 1147 2565 formalis

185 2612 272 2671 ratio
296 2612 430 2673 essendi
455 2613 489 2673 in
514 2594 597 2673 locox
614 2613 724 2691 primo
758 2611 870 2684 mod0,
906 2611 966 2671 sed
996 2609 1148 2671 secundo

186 2719 301 2789 modo;
328 2720 444 2799 igitur,
470 2726 532 2779 etc.
