<?xml version="1.0" encoding="UTF-8"?>
<!DOCTYPE html PUBLIC "-//W3C//DTD XHTML 1.0 Transitional//EN"
    "http://www.w3.org/TR/xhtml1/DTD/xhtml1-transitional.dtd">
<html xmlns="http://www.w3.org/1999/xhtml" xml:lang="en" lang="en">
 <head>
  <title>
</title>
<meta http-equiv="Content-Type" content="text/html;charset=utf-8" />
  <meta name='ocr-system' content='tesseract 3.04.00' />
  <meta name='ocr-capabilities' content='ocr_page ocr_carea ocr_par ocr_line ocrx_word'/>
</head>
<body>
  <div class='ocr_page' id='page_1' title='image "./commentariainli02scotgoog_0344.png"; bbox 0 0 2600 4200; ppageno 0'>
   <div class='ocr_carea' id='block_1_1' title="bbox 229 222 939 288">
    <p class='ocr_par' dir='ltr' id='par_1_1' title="bbox 229 222 939 288">
     <span class='ocr_line' id='line_1_1' title="bbox 229 222 939 288; baseline 0.001 -2"><span class='ocrx_word' id='word_1_1' title='bbox 229 227 270 287; x_wconf 81' lang='lat'><strong>66</strong></span> <span class='ocrx_word' id='word_1_2' title='bbox 455 225 529 286; x_wconf 81' lang='lat' dir='ltr'><strong>Lre.</strong></span> <span class='ocrx_word' id='word_1_3' title='bbox 555 223 607 286; x_wconf 96' lang='lat' dir='ltr'><strong>IV</strong></span> <span class='ocrx_word' id='word_1_4' title='bbox 631 222 939 288; x_wconf 72' lang='lat' dir='ltr'><strong>Sensenmnun</strong></span> 
     </span>
    </p>
   </div>
   <div class='ocr_carea' id='block_1_2' title="bbox 1028 332 1168 342">
    <p class='ocr_par' dir='ltr' id='par_1_2' title="bbox 1028 332 1168 342">
     <span class='ocr_line' id='line_1_2' title="bbox 1028 332 1168 342; baseline 0.007 -1"><span class='ocrx_word' id='word_1_5' title='bbox 1028 334 1049 342; x_wconf 81' lang='lat' dir='ltr'><em>m</em></span> <span class='ocrx_word' id='word_1_6' title='bbox 1060 332 1168 342; x_wconf 65' lang='lat' dir='ltr'><strong>..n-..mom-</strong></span> 
     </span>
    </p>
   </div>
   <div class='ocr_carea' id='block_1_3' title="bbox 203 403 1168 1019">
    <p class='ocr_par' dir='ltr' id='par_1_3' title="bbox 203 403 1168 1019">
     <span class='ocr_line' id='line_1_3' title="bbox 204 403 1168 486; baseline -0.001 -22"><span class='ocrx_word' id='word_1_7' title='bbox 204 404 383 465; x_wconf 84' lang='lat' dir='ltr'><strong>sacerdotii</strong></span> <span class='ocrx_word' id='word_1_8' title='bbox 409 406 647 486; x_wconf 86' lang='lat' dir='ltr'><strong>praesupponit</strong></span> <span class='ocrx_word' id='word_1_9' title='bbox 670 404 887 484; x_wconf 90' lang='lat' dir='ltr'><strong>Baptismum</strong></span> <span class='ocrx_word' id='word_1_10' title='bbox 912 413 950 465; x_wconf 94' lang='lat' dir='ltr'><strong>ut</strong></span> <span class='ocrx_word' id='word_1_11' title='bbox 978 403 1097 465; x_wconf 80' lang='lat' dir='ltr'><em>Extra.</em></span> <span class='ocrx_word' id='word_1_12' title='bbox 1130 405 1168 464; x_wconf 79' lang='lat' dir='ltr'><strong>de</strong></span> 
     </span>
     <span class='ocr_line' id='line_1_4' title="bbox 204 509 1166 592; baseline 0.001 -22"><span class='ocrx_word' id='word_1_13' title='bbox 204 510 399 588; x_wconf 68' lang='lat' dir='ltr'><strong>Presbytero</strong></span> <span class='ocrx_word' id='word_1_14' title='bbox 422 531 483 570; x_wconf 88' lang='lat' dir='ltr'><strong>non</strong></span> <span class='ocrx_word' id='word_1_15' title='bbox 507 511 660 588; x_wconf 76' lang='lat' dir='ltr'><strong>bapn&#39;aalo</strong></span> <span class='ocrx_word' id='word_1_16' title='bbox 685 518 752 589; x_wconf 82' lang='lat' dir='ltr'><strong>cap.</strong></span> <span class='ocrx_word' id='word_1_17' title='bbox 779 511 920 571; x_wconf 79' lang='lat' dir='ltr'><em>Veniens.</em></span> <span class='ocrx_word' id='word_1_18' title='bbox 936 510 1001 572; x_wconf 87' lang='lat' dir='ltr'><strong>·Dc</strong></span> <span class='ocrx_word' id='word_1_19' title='bbox 1016 509 1166 592; x_wconf 83' lang='lat' dir='ltr'><strong>Virgine</strong></span> 
     </span>
     <span class='ocr_line' id='line_1_5' title="bbox 204 615 1168 698; baseline -0.001 -19"><span class='ocrx_word' id='word_1_20' title='bbox 204 615 316 680; x_wconf 87' lang='lat' dir='ltr'><strong>Maria</strong></span> <span class='ocrx_word' id='word_1_21' title='bbox 339 616 463 678; x_wconf 91' lang='lat' dir='ltr'><strong>dicitur</strong></span> <span class='ocrx_word' id='word_1_22' title='bbox 488 617 543 678; x_wconf 92' lang='lat' dir='ltr'><strong>vel</strong></span> <span class='ocrx_word' id='word_1_23' title='bbox 566 618 659 697; x_wconf 90' lang='lat' dir='ltr'><strong>quod</strong></span> <span class='ocrx_word' id='word_1_24' title='bbox 682 615 747 681; x_wconf 83' lang='lat' dir='ltr'><strong>fuit</strong></span> <span class='ocrx_word' id='word_1_25' title='bbox 773 617 954 698; x_wconf 86' lang='lat' dir='ltr'><strong>baptizata,</strong></span> <span class='ocrx_word' id='word_1_26' title='bbox 988 617 1044 679; x_wconf 92' lang='lat' dir='ltr'><strong>vel</strong></span> <span class='ocrx_word' id='word_1_27' title='bbox 1074 618 1168 697; x_wconf 84' lang='lat' dir='ltr'><strong>quod</strong></span> 
     </span>
     <span class='ocr_line' id='line_1_6' title="bbox 204 719 1166 806; baseline 0.001 -22"><span class='ocrx_word' id='word_1_28' title='bbox 204 719 268 784; x_wconf 86' lang='lat' dir='ltr'><strong>fuit</strong></span> <span class='ocrx_word' id='word_1_29' title='bbox 292 722 513 805; x_wconf 86' lang='lat' dir='ltr'><strong>singulariter</strong></span> <span class='ocrx_word' id='word_1_30' title='bbox 536 722 766 806; x_wconf 84' lang='lat' dir='ltr'><strong>privilegiata,</strong></span> <span class='ocrx_word' id='word_1_31' title='bbox 793 725 875 805; x_wconf 88' lang='lat' dir='ltr'><strong>quia</strong></span> <span class='ocrx_word' id='word_1_32' title='bbox 891 725 926 785; x_wconf 92' lang='lat' dir='ltr'><strong>in</strong></span> <span class='ocrx_word' id='word_1_33' title='bbox 941 726 1166 806; x_wconf 84' lang='lat' dir='ltr'>conceptione</span> 
     </span>
     <span class='ocr_line' id='line_1_7' title="bbox 203 828 1168 913; baseline 0.003 -23"><span class='ocrx_word' id='word_1_34' title='bbox 203 828 282 891; x_wconf 90' lang='lat' dir='ltr'><strong>Filii</strong></span> <span class='ocrx_word' id='word_1_35' title='bbox 308 829 373 892; x_wconf 92' lang='lat' dir='ltr'><strong>Dei</strong></span> <span class='ocrx_word' id='word_1_36' title='bbox 397 829 517 892; x_wconf 87' lang='lat' dir='ltr'><strong>habuit</strong></span> <span class='ocrx_word' id='word_1_37' title='bbox 540 839 647 892; x_wconf 92' lang='lat' dir='ltr'><strong>totam</strong></span> <span class='ocrx_word' id='word_1_38' title='bbox 672 831 819 913; x_wconf 84' lang='lat' dir='ltr'><strong>gratiam</strong></span> <span class='ocrx_word' id='word_1_39' title='bbox 851 829 894 892; x_wconf 83' lang='lat' dir='ltr'><strong>ad</strong></span> <span class='ocrx_word' id='word_1_40' title='bbox 927 849 1031 912; x_wconf 89' lang='lat' dir='ltr'><strong>quam</strong></span> <span class='ocrx_word' id='word_1_41' title='bbox 1065 831 1168 893; x_wconf 34' lang='lat' dir='ltr'><strong>,Deus</strong></span> 
     </span>
     <span class='ocr_line' id='line_1_8' title="bbox 203 936 721 1019; baseline 0.004 -23"><span class='ocrx_word' id='word_1_42' title='bbox 203 936 296 997; x_wconf 90' lang='lat' dir='ltr'><strong>illam</strong></span> <span class='ocrx_word' id='word_1_43' title='bbox 321 938 514 1007; x_wconf 85' lang='lat' dir='ltr'><strong>ordinavit;</strong></span> <span class='ocrx_word' id='word_1_44' title='bbox 539 955 633 1019; x_wconf 87' lang='lat' dir='ltr'><strong>ergo,</strong></span> <span class='ocrx_word' id='word_1_45' title='bbox 658 947 721 999; x_wconf 90' lang='lat' dir='ltr'><strong>etc.</strong></span> 
     </span>
    </p>
   </div>
   <div class='ocr_carea' id='block_1_4' title="bbox 560 1165 810 1247">
    <p class='ocr_par' dir='ltr' id='par_1_4' title="bbox 560 1165 810 1247">
     <span class='ocr_line' id='line_1_9' title="bbox 560 1165 810 1247; baseline 0 -19"><span class='ocrx_word' id='word_1_46' title='bbox 560 1165 743 1247; x_wconf 69' lang='lat' dir='ltr'><strong>Quasno</strong></span> <span class='ocrx_word' id='word_1_47' title='bbox 766 1165 810 1228; x_wconf 89' lang='lat'><strong>11.</strong></span> 
     </span>
    </p>
   </div>
   <div class='ocr_carea' id='block_1_5' title="bbox 260 1309 1020 1386">
    <p class='ocr_par' dir='ltr' id='par_1_5' title="bbox 260 1309 1020 1386">
     <span class='ocr_line' id='line_1_10' title="bbox 260 1309 1020 1386; baseline 0 -18"><span class='ocrx_word' id='word_1_48' title='bbox 260 1309 316 1368; x_wconf 80' lang='lat' dir='ltr'><strong>Ad</strong></span> <span class='ocrx_word' id='word_1_49' title='bbox 334 1309 500 1368; x_wconf 83' lang='lat' dir='ltr'><strong>secundam</strong></span> <span class='ocrx_word' id='word_1_50' title='bbox 527 1309 737 1382; x_wconf 82' lang='lat' dir='ltr'><strong>Quoestionem</strong></span> <span class='ocrx_word' id='word_1_51' title='bbox 761 1311 805 1368; x_wconf 85' lang='lat' dir='ltr'><strong>sic</strong></span> <span class='ocrx_word' id='word_1_52' title='bbox 822 1309 1020 1386; x_wconf 80' lang='lat' dir='ltr'><strong>proceditur:</strong></span> 
     </span>
    </p>
   </div>
   <div class='ocr_carea' id='block_1_6' title="bbox 202 1463 1172 3257">
    <p class='ocr_par' dir='ltr' id='par_1_6' title="bbox 202 1463 1170 1869">
     <span class='ocr_line' id='line_1_11' title="bbox 293 1463 1170 1550; baseline 0.005 -23"><span class='ocrx_word' id='word_1_53' title='bbox 293 1463 440 1528; x_wconf 89' lang='lat' dir='ltr'><strong>Videtur</strong></span> <span class='ocrx_word' id='word_1_54' title='bbox 463 1467 555 1547; x_wconf 92' lang='lat' dir='ltr'><strong>quod</strong></span> <span class='ocrx_word' id='word_1_55' title='bbox 579 1467 643 1529; x_wconf 91' lang='lat' dir='ltr'><strong>soli</strong></span> <span class='ocrx_word' id='word_1_56' title='bbox 668 1465 872 1530; x_wconf 85' lang='lat' dir='ltr'>Sacerdotes</span> <span class='ocrx_word' id='word_1_57' title='bbox 902 1469 1038 1548; x_wconf 88' lang='lat' dir='ltr'><strong>possint</strong></span> <span class='ocrx_word' id='word_1_58' title='bbox 1060 1469 1170 1550; x_wconf 91' lang='lat' dir='ltr'><strong>bapti-</strong></span> 
     </span>
     <span class='ocr_line' id='line_1_12' title="bbox 203 1571 1169 1655; baseline 0.004 -21"><span class='ocrx_word' id='word_1_59' title='bbox 203 1591 288 1644; x_wconf 87' lang='lat' dir='ltr'><strong>zare,</strong></span> <span class='ocrx_word' id='word_1_60' title='bbox 324 1574 405 1654; x_wconf 90' lang='lat' dir='ltr'><strong>quia</strong></span> <span class='ocrx_word' id='word_1_61' title='bbox 439 1573 523 1635; x_wconf 90' lang='lat' dir='ltr'><strong>solis</strong></span> <span class='ocrx_word' id='word_1_62' title='bbox 558 1571 802 1636; x_wconf 85' lang='lat' dir='ltr'>Sacerdotibus</span> <span class='ocrx_word' id='word_1_63' title='bbox 836 1574 981 1636; x_wconf 84' lang='lat' dir='ltr'><strong>traditur</strong></span> <span class='ocrx_word' id='word_1_64' title='bbox 1014 1585 1169 1655; x_wconf 86' lang='lat' dir='ltr'><strong>potestas</strong></span> 
     </span>
     <span class='ocr_line' id='line_1_13' title="bbox 202 1679 1169 1763; baseline 0.002 -23"><span class='ocrx_word' id='word_1_65' title='bbox 202 1679 405 1742; x_wconf 86' lang='lat' dir='ltr'><strong>dimittenda</strong></span> <span class='ocrx_word' id='word_1_66' title='bbox 427 1689 576 1760; x_wconf 89' lang='lat' dir='ltr'><strong>peccata,</strong></span> <span class='ocrx_word' id='word_1_67' title='bbox 592 1682 688 1760; x_wconf 90' lang='lat' dir='ltr'><strong>Joan.</strong></span> <span class='ocrx_word' id='word_1_68' title='bbox 712 1699 762 1743; x_wconf 85' lang='lat'><strong>20.</strong></span> <span class='ocrx_word' id='word_1_69' title='bbox 775 1703 790 1750; x_wconf 92' lang='lat'><strong>,·</strong></span> <span class='ocrx_word' id='word_1_70' title='bbox 823 1681 885 1743; x_wconf 88' lang='lat' dir='ltr'><strong>sed</strong></span> <span class='ocrx_word' id='word_1_71' title='bbox 917 1682 952 1743; x_wconf 90' lang='lat' dir='ltr'><strong>in</strong></span> <span class='ocrx_word' id='word_1_72' title='bbox 987 1681 1169 1763; x_wconf 87' lang='lat' dir='ltr'><strong>Baptismo</strong></span> 
     </span>
     <span class='ocr_line' id='line_1_14' title="bbox 202 1787 717 1869; baseline 0.006 -23"><span class='ocrx_word' id='word_1_73' title='bbox 202 1787 422 1847; x_wconf 88' lang='lat' dir='ltr'><strong>remittuntur</strong></span> <span class='ocrx_word' id='word_1_74' title='bbox 444 1795 597 1866; x_wconf 87' lang='lat' dir='ltr'><strong>peccata;</strong></span> <span class='ocrx_word' id='word_1_75' title='bbox 622 1806 717 1869; x_wconf 85' lang='lat' dir='ltr'><strong>ergo.</strong></span> 
     </span>
    </p>

    <p class='ocr_par' dir='ltr' id='par_1_7' title="bbox 202 1891 1172 2274">
     <span class='ocr_line' id='line_1_15' title="bbox 296 1891 1170 1970; baseline 0.006 -19"><span class='ocrx_word' id='word_1_76' title='bbox 296 1892 419 1960; x_wconf 81' lang='lat' dir='ltr'><strong>Contra,</strong></span> <span class='ocrx_word' id='word_1_77' title='bbox 459 1892 513 1955; x_wconf 90' lang='lat' dir='ltr'><strong>De</strong></span> <span class='ocrx_word' id='word_1_78' title='bbox 548 1891 742 1955; x_wconf 86' lang='lat' dir='ltr'><strong>Consecrat.</strong></span> <span class='ocrx_word' id='word_1_79' title='bbox 767 1893 846 1955; x_wconf 88' lang='lat' dir='ltr'><strong>dist.</strong></span> <span class='ocrx_word' id='word_1_80' title='bbox 871 1916 902 1970; x_wconf 90' lang='lat'><strong>4.</strong></span> <span class='ocrx_word' id='word_1_81' title='bbox 931 1913 959 1956; x_wconf 93' lang='lat' dir='ltr'><strong>c.</strong></span> <span class='ocrx_word' id='word_1_82' title='bbox 985 1893 1170 1956; x_wconf 87' lang='lat' dir='ltr'><strong>Romanus</strong></span> 
     </span>
     <span class='ocr_line' id='line_1_16' title="bbox 202 1996 1172 2081; baseline 0.002 -21"><span class='ocrx_word' id='word_1_83' title='bbox 202 1996 374 2068; x_wconf 81' lang='lat' dir='ltr'><strong>Pontifex,</strong></span> <span class='ocrx_word' id='word_1_84' title='bbox 399 1999 524 2061; x_wconf 91' lang='lat' dir='ltr'><strong>dicitur</strong></span> <span class='ocrx_word' id='word_1_85' title='bbox 547 2000 593 2061; x_wconf 90' lang='lat' dir='ltr'><strong>ibi</strong></span> <span class='ocrx_word' id='word_1_86' title='bbox 618 1999 710 2081; x_wconf 91' lang='lat' dir='ltr'><strong>quod</strong></span> <span class='ocrx_word' id='word_1_87' title='bbox 734 1997 885 2081; x_wconf 88' lang='lat' dir='ltr'><strong>Spiritus</strong></span> <span class='ocrx_word' id='word_1_88' title='bbox 919 1998 1069 2063; x_wconf 90' lang='lat' dir='ltr'><strong>Sanctus</strong></span> <span class='ocrx_word' id='word_1_89' title='bbox 1093 2002 1172 2063; x_wconf 90' lang='lat' dir='ltr'><strong>sub·</strong></span> 
     </span>
     <span class='ocr_line' id='line_1_17' title="bbox 203 2107 1170 2190; baseline 0.005 -24"><span class='ocrx_word' id='word_1_90' title='bbox 203 2107 374 2167; x_wconf 88' lang='lat' dir='ltr'><strong>ministrat</strong></span> <span class='ocrx_word' id='word_1_91' title='bbox 398 2109 555 2189; x_wconf 82' lang='lat' dir='ltr'><strong>gratiam,</strong></span> <span class='ocrx_word' id='word_1_92' title='bbox 581 2109 683 2169; x_wconf 86' lang='lat' dir='ltr'><strong>etiam</strong></span> <span class='ocrx_word' id='word_1_93' title='bbox 708 2110 736 2170; x_wconf 93' lang='lat' dir='ltr'><strong>si</strong></span> <span class='ocrx_word' id='word_1_94' title='bbox 761 2127 920 2190; x_wconf 85' lang='lat' dir='ltr'><strong>paganus</strong></span> <span class='ocrx_word' id='word_1_95' title='bbox 936 2109 981 2171; x_wconf 94' lang='lat' dir='ltr'><strong>sit</strong></span> <span class='ocrx_word' id='word_1_96' title='bbox 1005 2110 1063 2189; x_wconf 91' lang='lat' dir='ltr'><strong>qui</strong></span> <span class='ocrx_word' id='word_1_97' title='bbox 1087 2110 1170 2189; x_wconf 84' lang='lat' dir='ltr'><strong>bap</strong></span> 
     </span>
     <span class='ocr_line' id='line_1_18' title="bbox 203 2214 294 2274; baseline 0.033 -3"><span class='ocrx_word' id='word_1_98' title='bbox 203 2214 294 2274; x_wconf 87' lang='lat' dir='ltr'><strong>tizat.</strong></span> 
     </span>
    </p>

    <p class='ocr_par' dir='ltr' id='par_1_8' title="bbox 202 2318 1171 2935">
     <span class='ocr_line' id='line_1_19' title="bbox 290 2318 1168 2395; baseline 0.006 -16"><span class='ocrx_word' id='word_1_99' title='bbox 290 2318 353 2380; x_wconf 84' lang='grc' dir='ltr'><strong>ΑΙ)</strong></span> <span class='ocrx_word' id='word_1_100' title='bbox 391 2332 647 2395; x_wconf 82' lang='lat' dir='ltr'><strong>QUAESTIONEM</strong></span> <span class='ocrx_word' id='word_1_101' title='bbox 687 2321 763 2383; x_wconf 92' lang='lat' dir='ltr'><strong>dico</strong></span> <span class='ocrx_word' id='word_1_102' title='bbox 801 2330 872 2383; x_wconf 86' lang='lat' dir='ltr'><strong>tres</strong></span> <span class='ocrx_word' id='word_1_103' title='bbox 910 2320 1168 2384; x_wconf 74' lang='lat' dir='ltr'><strong>Conclusionee</strong></span> 
     </span>
     <span class='ocr_line' id='line_1_20' title="bbox 203 2424 1171 2510; baseline 0.005 -24"><span class='ocrx_word' id='word_1_104' title='bbox 203 2424 316 2486; x_wconf 81' lang='lat' dir='ltr'><strong>Primo</strong></span> <span class='ocrx_word' id='word_1_105' title='bbox 339 2428 491 2486; x_wconf 82' lang='lat' dir='ltr'><strong>conclusio</strong></span> <span class='ocrx_word' id='word_1_106' title='bbox 514 2436 567 2487; x_wconf 90' lang='lat' dir='ltr'><strong>est</strong></span> <span class='ocrx_word' id='word_1_107' title='bbox 590 2427 683 2508; x_wconf 93' lang='lat' dir='ltr'><strong>quod</strong></span> <span class='ocrx_word' id='word_1_108' title='bbox 698 2446 889 2510; x_wconf 83' lang='lat' dir='ltr'><strong>congruum</strong></span> <span class='ocrx_word' id='word_1_109' title='bbox 907 2439 960 2490; x_wconf 91' lang='lat' dir='ltr'><strong>est</strong></span> <span class='ocrx_word' id='word_1_110' title='bbox 976 2429 1089 2491; x_wconf 90' lang='lat' dir='ltr'><strong>solum</strong></span> <span class='ocrx_word' id='word_1_111' title='bbox 1101 2430 1171 2491; x_wconf 88' lang='lat' dir='ltr'><strong>via·</strong></span> 
     </span>
     <span class='ocr_line' id='line_1_21' title="bbox 202 2530 1170 2617; baseline 0.004 -24"><span class='ocrx_word' id='word_1_112' title='bbox 202 2541 310 2593; x_wconf 91' lang='lat' dir='ltr'><strong>torem</strong></span> <span class='ocrx_word' id='word_1_113' title='bbox 335 2530 516 2612; x_wconf 87' lang='lat' dir='ltr'><strong>baptizare.</strong></span> <span class='ocrx_word' id='word_1_114' title='bbox 542 2532 685 2595; x_wconf 82' lang='lat' dir='ltr'><strong>Secunda</strong></span> <span class='ocrx_word' id='word_1_115' title='bbox 707 2536 860 2595; x_wconf 81' lang='lat' dir='ltr'><strong>conclusio</strong></span> <span class='ocrx_word' id='word_1_116' title='bbox 884 2544 937 2597; x_wconf 88' lang='lat' dir='ltr'><strong>est</strong></span> <span class='ocrx_word' id='word_1_117' title='bbox 965 2535 1058 2617; x_wconf 93' lang='lat' dir='ltr'><strong>quod</strong></span> <span class='ocrx_word' id='word_1_118' title='bbox 1092 2556 1170 2599; x_wconf 87' lang='lat' dir='ltr'><strong>con·</strong></span> 
     </span>
     <span class='ocr_line' id='line_1_22' title="bbox 203 2639 1170 2723; baseline 0.006 -24"><span class='ocrx_word' id='word_1_119' title='bbox 203 2656 327 2718; x_wconf 83' lang='lat' dir='ltr'><strong>gruum</strong></span> <span class='ocrx_word' id='word_1_120' title='bbox 352 2647 405 2699; x_wconf 91' lang='lat' dir='ltr'><strong>est</strong></span> <span class='ocrx_word' id='word_1_121' title='bbox 428 2640 517 2701; x_wconf 87' lang='lat' dir='ltr'><strong>inter</strong></span> <span class='ocrx_word' id='word_1_122' title='bbox 541 2642 691 2702; x_wconf 83' lang='lat' dir='ltr'><strong>viatores</strong></span> <span class='ocrx_word' id='word_1_123' title='bbox 714 2642 825 2703; x_wconf 89' lang='lat' dir='ltr'><strong>solum</strong></span> <span class='ocrx_word' id='word_1_124' title='bbox 850 2639 1056 2705; x_wconf 86' lang='lat' dir='ltr'><strong>Sacerdotes</strong></span> <span class='ocrx_word' id='word_1_125' title='bbox 1089 2643 1170 2723; x_wconf 89' lang='lat' dir='ltr'><strong>bap-</strong></span> 
     </span>
     <span class='ocr_line' id='line_1_23' title="bbox 202 2745 1170 2828; baseline 0.007 -23"><span class='ocrx_word' id='word_1_126' title='bbox 202 2745 315 2805; x_wconf 90' lang='lat' dir='ltr'><strong>tizare.</strong></span> <span class='ocrx_word' id='word_1_127' title='bbox 350 2746 454 2805; x_wconf 83' lang='lat' dir='ltr'><strong>Tertia</strong></span> <span class='ocrx_word' id='word_1_128' title='bbox 484 2748 636 2807; x_wconf 86' lang='lat' dir='ltr'><strong>conclusio</strong></span> <span class='ocrx_word' id='word_1_129' title='bbox 670 2756 723 2808; x_wconf 92' lang='lat' dir='ltr'><strong>est</strong></span> <span class='ocrx_word' id='word_1_130' title='bbox 758 2748 849 2828; x_wconf 89' lang='lat' dir='ltr'><strong>quod</strong></span> <span class='ocrx_word' id='word_1_131' title='bbox 883 2750 919 2809; x_wconf 91' lang='lat' dir='ltr'><strong>in</strong></span> <span class='ocrx_word' id='word_1_132' title='bbox 954 2750 1170 2811; x_wconf 86' lang='lat' dir='ltr'><strong>necessitatis</strong></span> 
     </span>
     <span class='ocr_line' id='line_1_24' title="bbox 203 2850 983 2935; baseline 0.006 -24"><span class='ocrx_word' id='word_1_133' title='bbox 203 2850 346 2912; x_wconf 84' lang='lat' dir='ltr'><strong>articulo</strong></span> <span class='ocrx_word' id='word_1_134' title='bbox 369 2851 513 2931; x_wconf 90' lang='lat' dir='ltr'><strong>quilibet</strong></span> <span class='ocrx_word' id='word_1_135' title='bbox 537 2852 639 2915; x_wconf 90' lang='lat' dir='ltr'><strong>homo</strong></span> <span class='ocrx_word' id='word_1_136' title='bbox 663 2862 777 2934; x_wconf 91' lang='lat' dir='ltr'><strong>potest</strong></span> <span class='ocrx_word' id='word_1_137' title='bbox 800 2854 983 2935; x_wconf 88' lang='lat' dir='ltr'><strong>baptizare.</strong></span> 
     </span>
    </p>

    <p class='ocr_par' dir='ltr' id='par_1_9' title="bbox 203 2956 1169 3257">
     <span class='ocr_line' id='line_1_25' title="bbox 292 2956 1169 3041; baseline 0.009 -25"><span class='ocrx_word' id='word_1_138' title='bbox 292 2956 405 3017; x_wconf 82' lang='lat' dir='ltr'><strong>Princo</strong></span> <span class='ocrx_word' id='word_1_139' title='bbox 434 2958 594 3019; x_wconf 83' lang='lat' dir='ltr'><strong>Conclusio</strong></span> <span class='ocrx_word' id='word_1_140' title='bbox 610 2962 775 3040; x_wconf 81' lang='lat' dir='ltr'><strong>probatur</strong></span> <span class='ocrx_word' id='word_1_141' title='bbox 798 2962 862 3023; x_wconf 88' lang='lat' dir='ltr'><strong>sic:</strong></span> <span class='ocrx_word' id='word_1_142' title='bbox 888 2969 960 3023; x_wconf 92' lang='lat' dir='ltr'><strong>tum</strong></span> <span class='ocrx_word' id='word_1_143' title='bbox 978 2963 1061 3041; x_wconf 88' lang='lat' dir='ltr'><strong>quia</strong></span> <span class='ocrx_word' id='word_1_144' title='bbox 1075 2960 1169 3024; x_wconf 86' lang='lat' dir='ltr'><strong>Chri·</strong></span> 
     </span>
     <span class='ocr_line' id='line_1_26' title="bbox 203 3066 1168 3147; baseline 0.006 -24"><span class='ocrx_word' id='word_1_145' title='bbox 203 3073 278 3124; x_wconf 93' lang='lat' dir='ltr'><strong>stus</strong></span> <span class='ocrx_word' id='word_1_146' title='bbox 302 3066 450 3126; x_wconf 90' lang='lat' dir='ltr'><strong>instituit</strong></span> <span class='ocrx_word' id='word_1_147' title='bbox 461 3076 710 3129; x_wconf 80' lang='lat' dir='ltr'><strong>sacramentum</strong></span> <span class='ocrx_word' id='word_1_148' title='bbox 729 3068 909 3147; x_wconf 89' lang='lat' dir='ltr'><strong>Baptismi,</strong></span> <span class='ocrx_word' id='word_1_149' title='bbox 922 3076 957 3129; x_wconf 89' lang='lat' dir='ltr'><strong>et</strong></span> <span class='ocrx_word' id='word_1_150' title='bbox 973 3066 1039 3130; x_wconf 88' lang='lat' dir='ltr'><strong>luit</strong></span> <span class='ocrx_word' id='word_1_151' title='bbox 1054 3068 1168 3131; x_wconf 92' lang='lat' dir='ltr'><strong>homo.</strong></span> 
     </span>
     <span class='ocr_line' id='line_1_27' title="bbox 204 3168 1169 3257; baseline 0.008 -28"><span class='ocrx_word' id='word_1_152' title='bbox 204 3168 292 3230; x_wconf 88' lang='lat' dir='ltr'><strong>Tum</strong></span> <span class='ocrx_word' id='word_1_153' title='bbox 321 3172 403 3251; x_wconf 90' lang='lat' dir='ltr'><strong>quia</strong></span> <span class='ocrx_word' id='word_1_154' title='bbox 431 3174 464 3232; x_wconf 95' lang='lat' dir='ltr'><strong>in</strong></span> <span class='ocrx_word' id='word_1_155' title='bbox 500 3184 713 3235; x_wconf 86' lang='lat' dir='ltr'><strong>sacramento</strong></span> <span class='ocrx_word' id='word_1_156' title='bbox 747 3174 915 3255; x_wconf 90' lang='lat' dir='ltr'><strong>Baptismi</strong></span> <span class='ocrx_word' id='word_1_157' title='bbox 951 3185 1005 3237; x_wconf 91' lang='lat' dir='ltr'><strong>est</strong></span> <span class='ocrx_word' id='word_1_158' title='bbox 1037 3174 1169 3257; x_wconf 87' lang='lat' dir='ltr'><strong>aliquid</strong></span> 
     </span>
    </p>
   </div>
   <div class='ocr_carea' id='block_1_7' title="bbox 203 3276 1276 3375">
    <p class='ocr_par' dir='ltr' id='par_1_10' title="bbox 203 3276 1276 3375">
     <span class='ocr_line' id='line_1_28' title="bbox 203 3276 1276 3375; baseline 0.007 -38"><span class='ocrx_word' id='word_1_159' title='bbox 203 3276 365 3338; x_wconf 90' lang='lat' dir='ltr'><strong>sensibile</strong></span> <span class='ocrx_word' id='word_1_160' title='bbox 389 3287 423 3338; x_wconf 93' lang='lat' dir='ltr'><strong>et</strong></span> <span class='ocrx_word' id='word_1_161' title='bbox 446 3277 575 3359; x_wconf 83' lang='lat' dir='ltr'><strong>aliquid</strong></span> <span class='ocrx_word' id='word_1_162' title='bbox 599 3280 787 3361; x_wconf 86' lang='lat' dir='ltr'><strong>spirituale,</strong></span> <span class='ocrx_word' id='word_1_163' title='bbox 812 3290 846 3341; x_wconf 88' lang='lat' dir='ltr'><strong>et</strong></span> <span class='ocrx_word' id='word_1_164' title='bbox 868 3299 931 3361; x_wconf 92' lang='lat' dir='ltr'><strong>per</strong></span> <span class='ocrx_word' id='word_1_165' title='bbox 953 3299 1170 3362; x_wconf 88' lang='lat' dir='ltr'><strong>consequens</strong></span> <span class='ocrx_word' id='word_1_166' title='bbox 1269 3358 1276 3375; x_wconf 85' lang='lat'><strong>.</strong></span> 
     </span>
    </p>
   </div>
   <div class='ocr_carea' id='block_1_8' title="bbox 204 3384 1170 3680">
    <p class='ocr_par' dir='ltr' id='par_1_11' title="bbox 204 3384 1170 3680">
     <span class='ocr_line' id='line_1_29' title="bbox 204 3384 1168 3469; baseline 0.008 -27"><span class='ocrx_word' id='word_1_167' title='bbox 204 3384 316 3463; x_wconf 80' lang='lat' dir='ltr'><strong>magis</strong></span> <span class='ocrx_word' id='word_1_168' title='bbox 340 3386 502 3464; x_wconf 90' lang='lat' dir='ltr'><strong>competit</strong></span> <span class='ocrx_word' id='word_1_169' title='bbox 527 3388 634 3448; x_wconf 90' lang='lat' dir='ltr'><strong>utenti</strong></span> <span class='ocrx_word' id='word_1_170' title='bbox 659 3406 762 3448; x_wconf 89' lang='lat' dir='ltr'><strong>sensu</strong></span> <span class='ocrx_word' id='word_1_171' title='bbox 797 3396 832 3449; x_wconf 92' lang='lat' dir='ltr'><strong>et</strong></span> <span class='ocrx_word' id='word_1_172' title='bbox 864 3388 1041 3450; x_wconf 90' lang='lat' dir='ltr'><strong>intellectu</strong></span> <span class='ocrx_word' id='word_1_173' title='bbox 1065 3407 1168 3469; x_wconf 88' lang='lat' dir='ltr'><strong>quam</strong></span> 
     </span>
     <span class='ocr_line' id='line_1_30' title="bbox 204 3492 1170 3576; baseline 0.007 -28"><span class='ocrx_word' id='word_1_174' title='bbox 204 3497 336 3549; x_wconf 85' lang='lat' dir='ltr'><strong>naturae</strong></span> <span class='ocrx_word' id='word_1_175' title='bbox 360 3509 454 3570; x_wconf 85' lang='lat' dir='ltr'><strong>purae</strong></span> <span class='ocrx_word' id='word_1_176' title='bbox 478 3492 709 3555; x_wconf 87' lang='lat' dir='ltr'><strong>intellectuali.</strong></span> <span class='ocrx_word' id='word_1_177' title='bbox 735 3494 823 3556; x_wconf 84' lang='lat' dir='ltr'><strong>Tum</strong></span> <span class='ocrx_word' id='word_1_178' title='bbox 847 3496 950 3555; x_wconf 86' lang='lat' dir='ltr'><strong>etiam</strong></span> <span class='ocrx_word' id='word_1_179' title='bbox 985 3497 1068 3575; x_wconf 91' lang='lat' dir='ltr'><strong>quia</strong></span> <span class='ocrx_word' id='word_1_180' title='bbox 1090 3503 1170 3576; x_wconf 93' lang='lat' dir='ltr'><strong>post</strong></span> 
     </span>
     <span class='ocr_line' id='line_1_31' title="bbox 204 3597 1170 3680; baseline 0.008 -27"><span class='ocrx_word' id='word_1_181' title='bbox 204 3597 456 3673; x_wconf 87' lang='lat' dir='ltr'><strong>susceptionem</strong></span> <span class='ocrx_word' id='word_1_182' title='bbox 480 3598 648 3679; x_wconf 81' lang='lat' dir='ltr'><strong>Baptismi</strong></span> <span class='ocrx_word' id='word_1_183' title='bbox 673 3601 865 3680; x_wconf 86' lang='lat' dir='ltr'><strong>baptizatus</strong></span> <span class='ocrx_word' id='word_1_184' title='bbox 900 3601 1108 3663; x_wconf 86' lang='lat' dir='ltr'><strong>adscribitur</strong></span> <span class='ocrx_word' id='word_1_185' title='bbox 1130 3612 1170 3662; x_wconf 92' lang='lat' dir='ltr'><strong>ut</strong></span> 
     </span>
    </p>
   </div>
   <div class='ocr_carea' id='block_1_9' title="bbox 0 0 1305 4200">
    <p class='ocr_par' dir='ltr' id='par_1_12' title="bbox 0 0 1305 4200">
     <span class='ocr_line' id='line_1_32' title="bbox 0 0 1305 4200; baseline 0 0"><span class='ocrx_word' id='word_1_186' title='bbox 0 0 1305 4200; x_wconf 95' lang='lat' dir='ltr'><strong> </strong></span> 
     </span>
    </p>
   </div>
  </div>
 </body>
</html>
