2600 4200
199 223 237 280 82
412 218 487 280 Lm.
513 217 565 279 IV
590 216 897 281 Suurssunnnuu

264 395 430 460 Similiter
452 397 586 458 secunda
610 400 691 457 ratio
706 396 809 459 habet
825 398 976 472 majorem
999 393 1132 466 falsam,

174 505 256 584 quia
289 504 476 565 secundum
512 502 691 566 Euclidem
711 523 744 580 5.
775 502 881 564 Geom.
906 505 941 562 in
959 504 1128 580 principib,

173 597 476 691 proportionalitas
507 619 560 673 est
593 609 782 672 similitudo
816 609 960 672 duarum
995 627 1134 691 propor-

155 718 327 790 ,tionum;
362 719 471 800 igitur
504 735 607 798 super
641 717 898 798 proportionem
937 735 1016 798 quae
1050 715 1134 777 dicit

115 808 118 816 ¹
175 821 362 887 formaliter
385 825 595 910 relationem,
614 833 648 886 et
671 842 775 905 super
790 823 956 885 unitatem
971 824 1046 905 eJus
1060 820 1135 884 fun·

175 931 275 993 datur
297 931 497 1002 similitudo,
522 940 557 993 et
579 932 628 992 sic
652 931 773 992 relatio
807 927 969 993 fundatur
991 931 1028 992 in
1051 928 1135 991 rela-

175 1039 276 1099 tione.
303 1073 343 1082 —
368 1037 423 1100 Tu
447 1037 552 1110 dicis;
577 1039 687 1119 igitur
708 1045 823 1118 potest
845 1055 922 1099 esse
952 1054 1134 1118 processus

175 1144 210 1205 in
234 1141 405 1206 infinitum
428 1146 463 1206 in
487 1143 721 1207 relationibus.
745 1143 847 1226 Nego
870 1145 1133 1222 consequentum:

171 1233 253 1313 'nam
278 1238 435 1312 accidens
458 1249 621 1312 fundatur
643 1251 679 1312 in
703 1249 887 1320 accidente,
912 1257 951 1310 ut
984 1247 1134 1330 qualitas

175 1358 210 1419 in
233 1358 434 1438 quantitate,
459 1366 493 1419 et
516 1368 630 1419 tamen
655 1376 723 1418 non
747 1365 800 1418 est
822 1373 1005 1437 processus
1027 1356 1062 1416 in
1087 1356 1136 1416 in·

174 1462 308 1526 finitum
333 1464 367 1525 in
392 1465 633 1526 accidentibus.

264 1570 320 1630 Ad
339 1571 465 1631 tertium
488 1570 565 1633 dico
588 1570 681 1651 quod
704 1569 834 1650 duplex
857 1580 910 1630 est
945 1577 1042 1630 actus
1071 1569 1136 1629 sci·

174 1678 254 1739 licet
278 1677 443 1740 naturalis
466 1687 500 1740 et
524 1676 793 1749 sacramentalis;
818 1675 899 1737 licet
921 1693 1007 1757 ergo
1029 1675 1065 1736 in
1085 1693 1136 1736 re-

175 1784 302 1846 latione
325 1803 393 1846 non
418 1785 464 1847 sit
486 1793 639 1866 potestas
663 1785 843 1845 adactum
867 1780 1068 1850 naturalem,
1085 1788 1134 1841 ta·
1228 1853 1236 1863 ,

175 1910 253 1953 men·
276 1891 363 1972 bene
386 1900 499 1972 potest
522 1909 598 1952 esse
622 1890 665 1952 ad
689 1899 801 1952 actum
825 1886 1117 1951 sacramentalem.

263 1999 319 2058 Ad
338 2004 487 2077 quartam
511 1998 587 2059 dico
603 1995 696 2077 quod
708 1995 906 2065 similitudo,
919 1994 1019 2077 largo
1030 1993 1134 2055 modo

175 2114 321 2185 sumpta,
345 2114 558 2185 potestesse
589 2106 624 2165 in
659 2104 811 2186 qualibet
844 2100 964 2172 forma,
990 2110 1035 2163 et
1065 2120 1136 2163 non

175 2212 286 2274 solum
311 2212 345 2273 in
369 2212 543 2293 qualitate,

263 2423 326 2486 Au
349 2436 622 2516 Anquusuruu
647 2436 688 2485 ru
711 2435 983 2486 cournniuun:
1001 2424 1135 2501 Adpn:
1184 2447 1189 2454 ·

175 2551 259 2593 mam
276 2537 402 2609 partem
425 2534 612 2610 quoestiomi,
641 2531 670 2592 si
688 2540 844 2593 teneatur
855 2530 947 2611 quod
959 2528 1135 2592 character

175 2639 221 2699 sit
243 2635 352 2699 forma
373 2638 521 2707 absoluta,
550 2646 665 2718 potest
687 2636 827 2699 concedi
851 2636 944 2717 quod
966 2638 1013 2700 sit
1042 2637 1136 2700 habi·

176 2753 231 2805 tus
255 2762 323 2805 non
345 2746 492 2815 innatus,
518 2762 579 2806 nec
603 2743 887 2825 acquisitussed
910 2740 1055 2806 infusus.
1080 2743 1133 2804 Tu

175 2850 270 2922 dieis,
295 2852 377 2931 quia
399 2850 517 2913 habitu
541 2851 713 2932 contingit
736 2852 786 2912 uti
817 2851 904 2912 bene
938 2848 995 2912 vel
1030 2848 1132 2920 male;

175 2957 252 3018 dico
276 2956 367 3037 quod
392 2977 459 3019 non
483 2965 535 3019 est
559 2976 679 3019 verum
702 2958 744 3018 de
768 2958 861 3017 omni
877 2955 1006 3018 habitu.
1025 2955 1067 3016 Si
1078 2975 1134 3014 au·

176 3071 235 3154 iem
258 3071 401 3125 ίεηεαίτιν
423 3064 515 3145 quod
538 3063 713 3125 character
736 3065 782 3125 sit
812 3061 921 3123 forma
952 3048 1129 3141 respectiva,

175 3172 401 3250 respondetur
424 3170 466 3231 ad
491 3179 731 3252 argumentum
756 3172 791 3231 in
807 3169 1025 3239 contrarium,
1042 3164 1136 3249 qued

177 3280 243 3338 non
268 3286 320 3339 est
343 3279 588 3339 inconveniens
612 3276 762 3358 aliquam
792 3276 992 3338 relationem
1023 3274 1137 3355 dispo·

176 3404 256 3445 nere
280 3384 323 3445 ad
346 3383 488 3447 formam
513 3384 704 3445 absolutam
727 3394 885 3464 respectu
916 3384 1053 3462 agentis
1083 3400 1138 3443 su-

176 3491 413 3571 pernaturalis,
439 3492 527 3553 sicut
550 3500 603 3552 cst
626 3492 661 3551 in
685 3492 872 3571 proposito
