2600 4200
312 223 501 286 D1sr1ncr.
521 223 673 287 XXXII
691 223 842 305 QuAEsr.
861 225 915 286 ΙΙΙ
1006 245 1069 304 307

125 401 212 463 bent
234 403 323 462 sicut
346 402 547 464 excedentia
571 412 604 464 et
627 421 781 472 excessa,
806 405 888 482 quia
908 403 1093 483 aliquando

125 526 175 568 ex
198 509 315 588 majori
340 509 467 570 virtute
491 511 643 570 continet
658 511 845 590 coniugata
860 529 964 589 quam
981 528 1000 569 e
1017 529 1094 571 con-

129 615 243 674 trario.
269 612 306 676 Si
333 623 446 676 autem
471 615 652 696 loquamur
682 625 849 696 quantum
874 616 917 676 ad
940 616 1088 684 decorem,

125 721 179 781 sic
214 721 397 801 virginitas
432 717 614 802 praefertur
648 723 871 784 continentiae
904 721 1091 803 coniugali,

127 828 211 907 quia
244 829 279 888 in
314 829 526 890 continentia
558 828 731 909 conjugali
756 839 809 890 est
836 830 1020 909 corruptio,
1056 830 1092 890 in

123 935 339 995 continentia
362 935 524 1017 virginali
549 937 770 1015 incorruptio.
787 933 826 997 Si
843 944 957 997 autem
974 935 1091 1016 loqua-

126 1058 205 1101 mur
228 1041 269 1101 de
294 1042 494 1122 virginitate
517 1051 683 1122 quantum
708 1041 752 1102 ad
773 1049 898 1110 statum,
926 1052 1008 1104 tunc
1039 1051 1094 1104 est

125 1146 195 1208 dici
219 1147 421 1232 dupliciter:
447 1156 505 1210 aut
528 1148 716 1209 secundum
744 1149 824 1209 idem
860 1158 1008 1229 tempus,
1033 1158 1093 1210 aut

124 1254 316 1315 secundum
350 1255 475 1315 diversa
509 1264 674 1335 tempora„
704 1253 742 1318 Si
777 1256 965 1317 secundum
1001 1256 1090 1317 idern

128 1369 274 1442 tempus,
300 1360 365 1422 hoc
388 1371 441 1422 est
475 1361 668 1442 dupliciter,
692 1363 775 1442 quia
809 1370 868 1423 aut
902 1363 1091 1424 secundum

123 1475 264 1548 tempus
287 1467 377 1550 legis
402 1477 543 1536 naturae,
569 1476 627 1529 aut
644 1468 832 1530 secundum
848 1455 985 1549 tempus
999 1469 1092 1550 legis

124 1576 261 1654 gratiae.
286 1572 325 1637 Si
350 1575 538 1636 secundum
562 1583 699 1655 tempus
722 1574 812 1656 legis
840 1584 983 1645 naturae,
1009 1583 1091 1636 tunc

124 1688 239 1742 status
261 1682 484 1743 continentiae
514 1682 710 1762 coniugalis
744 1677 926 1762 praefertur
950 1683 1092 1763 virgini·

127 1789 200 1857 tati,
240 1789 344 1850 immo
378 1807 440 1868 pro
475 1788 535 1850 illo
569 1797 725 1868 tempore
762 1797 874 1850 status
908 1788 1092 1869 virginalis

126 1895 327 1974 prohibetur
350 1905 384 1957 et
415 1895 542 1957 sterilis
577 1895 802 1956 maledicitur.
828 1894 865 1957 Si
901 1895 1091 1956 secundum

111 2009 253 2070 ,statum
278 2003 443 2082 temporis
466 2003 590 2083 gratiae
614 2002 673 2063 ubi
709 2021 778 2062 non
812 2003 1013 2082 requiritur·
1030 1999 1092 2063 foe·

121 2109 284 2171 cunditas
307 2111 438 2171 ventris
462 2110 522 2171 sed
537 2109 671 2189 puritas
687 2109 823 2178 mentis,
841 2110 887 2169 ibi
905 2110 1092 2191 virginitas

125 2212 307 2294 praefertur
330 2217 552 2277 continentiae
575 2215 759 2296 conjugali.
774 2212 811 2277 Si
837 2224 950 2276 autem
975 2215 1092 2296 loqua-

122 2339 204 2382 mur
226 2323 413 2383 secundum
438 2322 575 2383 diversa
598 2332 763 2402 tempora,
789 2331 827 2384 ut
851 2331 934 2401 puta
961 2323 989 2382 si
1014 2340 1093 2383 cons

122 2427 315 2489 sideramus
331 2447 394 2508 pro
410 2437 563 2509 ternpore
579 2430 703 2509 gratiae
719 2429 965 2490 continentiam
978 2428 1092 2507 conju·

122 2533 251 2614 galem‚
277 2544 358 2596 tunc
382 2535 457 2596 dico
482 2536 574 2615 quod
598 2536 836 2616 unusquisque
871 2545 982 2595 status
1005 2536 1092 2613 opti-

126 2658 203 2701 mus
227 2651 289 2711 est,
314 2651 349 2701 et
372 2660 460 2704 unus
485 2662 553 2703 non
577 2638 759 2721 praefertur
782 2642 879 2703 alteri
903 2641 1091 2702 dummodo

125 2765 172 2807 ex
196 2756 338 2827 utraque
354 2758 450 2828 parte
466 2748 614 2809 charitas
631 2750 676 2809 sit
693 2748 847 2828 aequalis.
861 2747 907 2809 Et
923 2747 967 2808 ad
982 2748 1088 2809 istum

126 2853 337 2915 intellectum
363 2855 516 2934 loquitur
539 2855 578 2916 B.
598 2855 822 2936 Augustinus
841 2856 875 2913 in
892 2854 944 2914 lib.
962 2853 1091 2912 debono

121 2962 294 3037 conjugali,
311 2962 403 3042 quod
416 2962 599 3043 virginitas
614 2961 757 3039 Joannis
768 2960 1008 3042 Evangelistae
1021 2978 1089 3019 non

125 3063 307 3145 praefertur
330 3068 491 3149 conjugio
515 3067 679 3129 Abrahae.

219 3278 279 3342 De
314 3280 436 3343 tertio
459 3279 666 3355 Arii-culo,
700 3280 792 3360 quod
827 3289 879 3340 est
910 3279 1089 3358 praemium

122 3386 347 3447 continentiae
372 3387 564 3467 virginalis,
589 3387 715 3448 dicitur
746 3387 972 3447 communiter
996 3384 1090 3464 quod

121 3500 179 3553 est
203 3492 349 3553 aureola.
375 3492 420 3553 Et
443 3493 607 3573 probatur
630 3512 692 3572 per
715 3491 861 3573 figuram
894 3490 1008 3552 Exodi
1036 3510 1088 3567 25,

126 3598 184 3659 ubi
209 3608 420 3679 praecepturn
445 3609 497 3660 est
520 3597 592 3660 fieri
618 3617 721 3660 unam
746 3617 910 3679 magnam
926 3615 1088 3658 coronam
