2600 4200
1094 343 1154 350 ——d

221 245 262 306 24
486 227 559 289 Lm.
584 228 629 290 111
655 228 921 290 Sss'rammssmt

196 443 364 514 assumpta
387 441 443 494 aut
467 433 529 494 hoc
552 442 600 495 est
618 433 739 494 ratione
756 431 873 512 objecti
894 441 951 492 aut
968 433 1092 493 ratione
1105 451 1169 510 po·

196 541 316 604 tentiae.
342 539 417 601 Non
442 539 565 602 ratione
588 539 716 619 objecti,
733 539 809 620 quia
832 539 896 601 tale
919 537 1084 618 objectum
1109 547 1164 598 cst

197 647 304 710 divina
328 647 464 708 essentia
487 667 561 728 quae
588 647 712 708 nullum
736 656 847 707 actum
870 655 982 706 causat
1005 646 1047 706 ad
1063 654 1164 705 extra

197 754 384 816 necessario,
410 754 485 815 Non
509 753 606 814 etiam
631 753 754 814 ratione
770 753 934 832 potentiae,
952 751 1028 832 quia
1044 752 1166 812 volun-

197 871 247 922 tas
271 880 336 922 non
361 860 568 922 necessitatur
592 867 738 940 respectu
764 858 867 920 ultimi
892 857 963 919 finis
999 866 1034 919 ut
1073 858 1163 919 clare

197 968 264 1040 visi,
291 975 326 1028 ut
350 967 506 1048 probatur
529 965 599 1028 Lib.
624 985 654 1028 2.
679 965 757 1027 dist.
783 983 835 1048 24.

265 1075 322 1136 Ex
345 1073 403 1135 ltoc
419 1083 511 1154 patet
533 1073 580 1134 ad
596 1073 743 1152 primum
767 1081 999 1152 argumentum
1032 1070 1166 1132 alterius

198 1180 373 1262 opinionis;
398 1201 473 1242 cum
497 1179 629 1241 dicitur:
645 1179 699 1239 ubi
716 1187 765 1239 est
777 1178 944 1258 objectum
962 1197 1104 1258 praesens
1128 1187 1165 1238 et

198 1288 342 1368 potentia
360 1287 514 1368 disposita
531 1285 709 1348 necessario
725 1285 870 1366 sequitur
886 1283 1003 1354 fruiti0,
1022 1303 1087 1346 non
1106 1304 1165 1344 va-

198 1395 250 1464 let,
274 1395 350 1475 quia
374 1391 539 1472 objectum
564 1413 629 1453 non
654 1391 832 1453 necessario
856 1400 967 1452 causat
990 1399 1023 1450 et
1046 1390 1166 1451 volun·

197 1509 246 1562 tas
271 1521 335 1562 non
358 1511 407 1561 est
432 1500 576 1581 potentia
601 1499 753 1560 naturalis
777 1498 833 1559 sed
858 1498 966 1559 libera.

266 1607 324 1668 Ad
343 1608 517 1668 secundnm
542 1606 687 1668 concedo
710 1625 749 1666 eo
775 1605 874 1665 modo
898 1624 964 1684 quo
1002 1603 1164 1683 competit

198 1713 343 1774 essentiae
367 1713 485 1774 animae
503 1711 687 1784 beatificari,
705 1712 748 1773 ita
765 1712 924 1772 redundat
942 1709 973 1771 in
991 1709 1165 1791 potentiis;

198 1820 254 1881 sed
278 1819 415 1882 essentia
439 1840 504 1882 non
528 1817 730 1880 beatificatur
753 1818 784 1879 in
811 1818 871 1878 isto
896 1817 1009 1897 illapsu
1035 1816 1093 1877 nisi
1118 1836 1166 1877 se-

198 1927 343 1987 cundum
367 1947 435 1986 esse
459 1926 514 2006 qui
540 1945 603 1986 non
631 1934 680 1985 est
711 1933 803 1986 actus
825 1924 996 1993 secundus,
1021 1933 1054 1984 et
1089 1922 1166 1984 ideo

200 2053 264 2094 non
291 2032 450 2093 redundat
474 2032 505 2108 in
530 2031 681 2114 potentiis
705 2030 814 2092 fruitio
838 2030 892 2111 qui
917 2035 965 2091 est
999 2039 1091 2090 actus
1114 2049 1165 2090 se·

199 2141 339 2201 condus

266 2246 323 2307 Ad
336 2247 467 2307 tertium
491 2254 523 2306 et
546 2256 699 2326 quartum
716 2265 791 2325 quae
808 2244 930 2306 habent
946 2243 1083 2305 eandem
1103 2242 1166 2305 dif-

198 2351 376 2414 ficultatem
400 2353 516 2413 dicitur
540 2352 719 2433 dupliciter;
744 2373 806 2413 uno
831 2351 921 2412 modo
948 2351 1038 2431 quod
1071 2359 1168 2411 natu-

203 2481 236 2519 ra
261 2459 312 2520 illa
336 2468 503 2540 assumpta
526 2458 678 2540 quamvis
700 2478 766 2520 non
790 2457 957 2528 frueretur,
971 2455 1079 2519 adhuc
1098 2476 1165 2519 non

199 2575 346 2647 peccaret
370 2566 445 2647 quia
469 2575 551 2627 esset
567 2564 760 2627 confirmata
784 2563 816 2626 in
841 2564 944 2646 gratia
960 2564 1044 2625 sicut
1067 2563 1166 2625 beata

200 2671 304 2752 Virgo
339 2693 414 2753 quae
438 2670 499 2732 fuit
530 2671 722 2733 confirmata
746 2670 777 2731 in
802 2670 905 2752 gratia
928 2679 960 2731 et
992 2689 1164 2750 nunquam

200 2778 354 2859 peccavit.
389 2814 433 2825 —
457 2778 565 2839 Aliter
595 2778 711 2839 dicitur
746 2778 836 2859 quod
859 2778 942 2839 sicut
978 2778 1069 2839 Deus
1104 2796 1164 2857 per

199 2904 410 2946 communem
436 2885 584 2965 illapsum
609 2893 657 2945 est
682 2883 713 2944 in
735 2884 830 2945 rebus
854 2882 1042 2945 deformatis
1065 2892 1097 2944 et
1113 2891 1164 2968 taf

200 3012 274 3053 men
299 2991 366 3072 ipse
391 2992 421 3053 in
447 2991 535 3053 nullo
558 2990 769 3063 deformatur,
794 2991 838 3051 sic
863 2990 954 3051 Deus
977 3010 1034 3071 per
1063 2988 1166 3051 istum

199 3098 349 3179 illapsum
374 3098 545 3179 specialem
570 3108 652 3159 esset
677 3098 840 3159 innatum
865 3096 1046 3159 deformata
1068 3106 1102 3159 et
1118 3106 1168 3158 ta·

201 3225 274 3267 men
300 3206 387 3266 nulla
410 3214 493 3267 esset
527 3203 721 3267 deformatio
745 3205 776 3266 in
801 3224 840 3266 eo
875 3204 958 3265 sieut
982 3204 1073 3265 Deus
1107 3203 1168 3263 im·

200 3312 344 3373 mortalis
378 3310 553 3393 assumpsit
587 3321 738 3373 naturam
779 3311 959 3372 mortalem.
995 3310 1080 3373 Puto
1115 3318 1166 3372 ta-

200 3438 274 3480 men
300 3418 389 3499 quod
414 3419 518 3499 prima
542 3418 660 3480 solutio
684 3418 724 3479 sit
750 3418 871 3479 melior.

267 3634 327 3694 Ao
352 3646 494 3695 mmmm
519 3645 737 3694 mmmmm
762 3632 835 3693 dico
859 3632 948 3712 quod
973 3650 1038 3692 non
1067 3629 1165 3707 valet,
