2600 4200
325 229 514 291 Drsrmcr.
534 229 701 290 XXVIII
725 227 877 310 Qumsr.
895 228 931 290 II
1023 233 1081 290 281

211 391 218 400 ”
237 409 385 469 Primum
409 417 512 488 patet,
537 408 618 488 quia
642 409 707 468 iste
730 416 924 469 contractus
937 415 990 467 est
1005 406 1109 477 datie,

144 524 181 577 et
203 516 284 577 licet
307 535 375 576 non
399 514 550 576 liberalis
574 514 677 584 datio,
701 515 783 594 quia
805 514 864 575 dat
879 524 919 575 ut
929 514 1029 575 detur
1040 514 1106 574 sibi

141 622 290 702 ‘aequale,
316 632 429 683 tamen
453 622 560 684 libera
582 621 685 690 datio,
704 621 785 701 quia
807 630 926 682 contra
941 622 1109 682 rationem

145 728 296 790 dationis
319 737 372 790 est
395 729 487 808 quod
510 747 578 789 non
602 728 648 790 sit
660 728 775 789 libera.
790 725 860 790 Sed
870 727 929 788 ubi
945 736 999 789 est
1014 745 1109 789 coac-

145 837 196 896 tio
220 835 266 896 ibi
291 853 359 896 non
383 843 435 896 est
459 835 608 904 libertas,
633 843 672 897 ut
695 835 840 896 habetur
862 835 897 894 in
913 840 978 911 cap.
989 836 1109 911 prceal-

145 943 257 1020 legato,
290 943 368 1003 Cum
392 943 499 1010 locum,
528 942 620 1022 quod
643 960 831 1002 consensus
862 941 965 1002 habet
995 941 1109 1002 locum

145 1049 205 1110 ubi
229 1057 342 1110 metus
366 1048 422 1109 vel
445 1049 575 1110 coactio
599 1048 788 1110 intercedit.

237 1155 385 1224 Secundo,
413 1164 507 1235 patet
531 1155 621 1216 idem
645 1174 666 1215 a
688 1174 791 1216 causa
813 1152 994 1226 efficiente;
1028 1175 1107 1216 nam

146 1261 243 1324 Deus
267 1263 416 1324 instituit
439 1261 541 1323 talem
566 1262 823 1323 translationem
840 1263 1022 1341 potestatis
1037 1280 1109 1323 cor·

146 1387 279 1450 porum,
303 1378 342 1431 ut
365 1378 456 1430 esset
479 1387 571 1431 mere
587 1368 704 1437 libera,
721 1367 811 1429 unde
834 1368 960 1430 dicitur
979 1368 1059 1429 Gen.
1076 1388 1107 1430 2.

146 1473 352 1538 Adhaerebit
375 1475 475 1536 uxori
500 1493 588 1546 suae;
625 1474 687 1559 sed
709 1475 768 1536 ubi
802 1483 856 1536 est
888 1473 1043 1537 adhaesio
1073 1484 1109 1537 et

144 1601 216 1644 non
239 1583 370 1644 coactio
394 1582 440 1644 ibi
464 1591 517 1644 est
532 1581 686 1653 libertas3
711 1600 795 1663 ergo
812 1600 1001 1643 consensus
1016 1601 1111 1644 coac·

145 1697 203 1750 tus
226 1707 295 1750 non
319 1685 444 1750 sufficit
466 1689 510 1750 ad
532 1697 743 1750 contractum
766 1690 984 1750 matrimonii.
1009 1687 1050 1750 In
1067 1691 1111 1751 si·

146 1814 255 1877 gnum
266 1795 377 1875 hujus,
391 1803 549 1875 parentes
567 1794 738 1856 Rebeccae
754 1795 925 1865 dixerunt,
944 1795 1023 1856 Gen.
1036 1815 1107 1872 14..-

144 1920 310 1963 vocemus
332 1902 484 1988 puellam
504 1910 539 1963 et
562 1920 758 1982 quaeramus
780 1901 854 1981 ejus
884 1902 1108 1965 voluntatem.

171 2037 177 2066 i
242 2009 355 2077 Tertio,
383 2016 478 2089 patet
501 2009 586 2070 illud
609 2027 655 2070 ex
678 2017 775 2088 parte
797 2006 876 2070 finis
889 2010 947 2089 qui
964 2017 1018 2070 est
1033 2027 1109 2089 pro-

145 2116 198 2177 les
220 2124 255 2177 et
278 2116 563 2178 indissolubilitas
587 2116 727 2186 vinculi,
750 2125 885 2195 oportet
907 2117 998 2177 enim
1011 2116 1107 2179 illam

144 2222 364 2285 donationem
387 2241 463 2284 esse
486 2222 638 2292 liberam,
663 2242 742 2303 quae
766 2232 818 2283 est
834 2231 1008 2303 perpetua,
1026 2223 1110 2304 quia

145 2336 186 2391 ut
208 2328 333 2391 dicitur
355 2347 384 2389 2.
408 2348 438 2407 q.
460 2347 491 2404 3.
516 2349 541 2389 c.
566 2329 721 2397 Proesens,
749 2327 842 2408 quod
865 2330 944 2408 quis
967 2348 1036 2391 non
1060 2329 1109 2391 di-

145 2434 227 2517 ligit
249 2432 349 2497 facile
371 2436 567 2497 contemnit.
585 2432 656 2498 Sed
672 2437 738 2496 ista
753 2435 892 2496 donatio
907 2454 952 2496 ex
968 2436 1109 2499 vinculo

145 2541 376 2603 indissolubili
400 2550 454 2603 est
476 2551 642 2621 perpetua
664 2551 699 2603 et
722 2540 823 2603 debet
845 2560 922 2603 esse
949 2541 1057 2603 libera
1071 2550 1107 2603 et

146 2666 216 2709 non
239 2656 365 2709 coacta.

235 2754 303 2816 Au
340 2766 653 2816 aneuneurun
699 2766 984 2825 numerem,
1031 2756 1109 2817 dico

144 2861 239 2941 quod
273 2879 341 2921 non
380 2870 473 2923 tenet
511 2861 764 2941 consequentia,
804 2880 866 2922 nec
904 2870 958 2923 est
995 2862 1108 2927 simile

144 2976 286 3047 propter
308 2968 387 3028 tria:
413 2967 533 3035 Primo,
562 2968 643 3047 quia
665 2968 817 3029 conditio
827 2968 991 3048 baptizati
1008 2965 1109 3029 effici·

145 3081 203 3135 tur
224 3072 355 3143 melior,
379 3073 461 3153 quia
483 3069 628 3135 efficitur
649 3071 742 3135 filius
764 3072 942 3142 Ecclesiae.
967 3093 1036 3136 non
1052 3093 1109 3135 au·

144 3187 215 3241 tem
239 3180 348 3241 sicin
382 3179 608 3240 matrimonio
645 3178 794 3249 Secundo,
833 3181 915 3260 quia
945 3180 1108 3257 voluntas

146 3286 333 3365 superioris
355 3283 500 3347 ratificat
523 3284 584 3365 pe'r
607 3270 1106 3349 talem'consensumcoactum

143 3390 294 3473 aliquem
317 3389 391 3454 ficri
414 3390 523 3453 filium
547 3390 725 3461 Ecclesiae,
750 3411 818 3453 non
842 3394 892 3453 sic
915 3402 1030 3455 autem
1057 3412 1109 3455 ra-

144 3496 253 3561 tificat
276 3498 530 3560 matrimonium
553 3507 708 3560 coactum
732 3508 872 3579 propter
893 3500 1039 3579 primam
1056 3519 1107 3561 ra-

145 3604 273 3666 tionem
304 3601 429 3666 factam
463 3604 553 3667 circa
586 3602 689 3666 finem
724 3602 945 3684 Quaestionis.
987 3607 1018 3666 T
1013 3608 1102 3676 ertio,
