2600 4200
257 257 319 322 154
505 243 580 306 Luc.
605 243 651 305 111
676 241 971 306 SENTENTIARUM

1091 359 1181 368 ——-

231 449 288 512 sed
311 450 418 512 nullus
438 449 576 530 injustus
590 449 774 512 admittitur
790 450 831 511 ad
847 449 1100 526 beatitudinem;
1116 469 1192 530 ergo

231 557 288 640 qui
312 578 377 619 non
402 557 508 619 reddit
532 557 604 619 Deo
628 557 718 639 quod
741 556 848 635 debet,
862 576 928 618 non
952 556 1104 618 salvatur.
1130 553 1192 618 Sed

231 662 294 726 hoc
318 683 384 725 non
415 663 559 725 redditur
593 663 652 725 nisi
687 662 929 738 satisfaciend0;
953 683 1033 744 ergo
1068 682 1194 724 necesse
1282 691 1283 724 t

231 768 292 834 fuit
315 769 483 832 hominem
507 769 620 832 redimi
644 790 701 851 per
724 768 987 864 satisfactionem.

302 873 464 944 Tertiam
487 875 766 944 conclusionem
790 877 909 958 probat
928 877 986 939 sic:
1007 875 1124 938 Nullus
1147 897 1194 938 sa-

230 983 347 1046 tisfacit
371 1006 430 1066 pro
454 993 588 1065 peccato
612 983 753 1046 hominis
773 983 831 1046 nisi
855 983 970 1046 reddat
987 983 1059 1045 Deo
1074 983 1193 1064 aliquid
1283 1023 1284 1028 κ

233 1091 338 1171 majus
361 1091 450 1153 omni
473 1111 514 1153 eo
538 1112 597 1172 pro
621 1111 688 1172 quo
712 1091 813 1153 homo
834 1111 899 1153 non
917 1090 1029 1152 debuit
1045 1109 1192 1172 peccare;

231 1199 288 1260 sed
312 1219 371 1278 pro
395 1198 484 1260 omni
508 1199 660 1279 eoquod
684 1207 733 1260 est
755 1206 812 1260 aut
835 1217 904 1259 esse
928 1204 1034 1278 potest
1055 1216 1119 1257 non
1144 1196 1194 1256 de-

231 1305 302 1367 buit
326 1324 476 1386 peccare3
500 1326 579 1387 ergo
603 1306 710 1368 nullus
734 1303 887 1366 satisfacit
902 1323 962 1385 pro
979 1311 1114 1384 peccato
1138 1301 1193 1363 ho·

233 1411 328 1473 minis
352 1412 410 1473 nisi
435 1412 549 1473 reddat
566 1411 638 1473 Deo
661 1411 784 1492 aliquid
808 1410 914 1490 majus
930 1410 1018 1473 omni
1043 1409 1192 1490 eoquod

230 1527 279 1580 est
302 1529 359 1580 aut
381 1539 451 1580 esse
474 1528 589 1600 potest.
627 1518 692 1580 Sed
727 1518 834 1579 nullus
870 1537 970 1598 purus
1005 1515 1106 1578 homo
1134 1515 1193 1576 hoc

232 1634 339 1706 potest
363 1626 512 1700 reddere;
536 1645 616 1706 ergo
640 1646 741 1706 purus
767 1624 866 1686 homo
892 1643 956 1685 non
977 1632 1086 1704 potest
1107 1621 1194 1684 satis-

231 1731 335 1794 facere
359 1753 419 1813 pro
442 1741 576 1814 peceato
601 1731 750 1793 hominis,

301 1835 491 1922 chorlonz
511 1836 790 1906 conclusionem
804 1837 921 1920 probat
937 1837 998 1899 sic:
1016 1837 1072 1898 Ille
1089 1847 1195 1918 potest

231 1945 413 2008 satisfacere
448 1967 507 2027 pro
542 1955 677 2027 peccato
713 1945 852 2006 hominis
886 1945 941 2025 qui
978 1944 1076 2006 habet
1104 1945 1135 2005 in
1163 1963 1196 2005 se
1286 1937 1287 1942 ¹

231 2053 353 2135 aliquid
379 2053 483 2134 majus
506 2053 595 2116 omni
619 2073 660 2116 eo
683 2053 773 2135 quod
807 2061 855 2115 est
889 2052 949 2115 sub
986 2052 1059 2115 Deo
1087 2051 1196 2133 etqui

232 2170 349 2243 sponte
372 2181 406 2223 se
429 2161 542 2223 offerat
566 2162 639 2223 Deo
662 2171 695 2223 et
718 2160 773 2243 qui
797 2160 906 2222 vincat
940 2160 1109 2221 diabolum
1141 2178 1198 2240 per

232 2268 448 2348 asperitatem,
462 2268 545 2329 sicut
568 2268 693 2349 primus
717 2267 818 2329 homo
837 2266 986 2329 submisit
1010 2287 1044 2329 se
1067 2267 1198 2327 diabolo

233 2395 290 2456 per
313 2376 524 2452 suavitatem
548 2374 605 2436 sed
628 2374 707 2436 nihil
731 2385 779 2435 est
802 2374 946 2455 asperius
971 2382 1086 2447 morte,
1111 2382 1141 2435 et
1167 2372 1198 2433 iu

234 2481 364 2545 Christo
387 2492 435 2543 est
459 2482 590 2563 aliquod
616 2480 721 2562 majus
745 2480 834 2542 omni
869 2501 910 2542 eo
944 2481 1034 2563 quod
1066 2490 1115 2542 est
1136 2480 1200 2541 sub

235 2590 308 2651 Deo
331 2589 428 2650 etiam
453 2589 509 2670 qui
532 2600 649 2670 sponte
673 2608 707 2650 se
730 2586 842 2649 offerat
859 2587 949 2663 Deo;
974 2608 1053 2669 ergo
1071 2606 1202 2649 necesse

233 2695 293 2756 fuit
317 2716 374 2776 per
399 2706 538 2757 mortem
574 2694 692 2759 Christi
729 2694 896 2757 hominem
932 2694 1045 2755 redimi
1073 2703 1107 2756 et
1129 2693 1200 2755 dia-

233 2802 346 2865 bolum
371 2802 561 2864 conculcari.

302 2908 343 2971 Si
365 2910 428 2972 isto
451 2910 609 2971 conclusio
632 2909 785 2971 Acisclnn'
806 2908 851 2971 sic
875 2908 1082 2989 intelligatur,
1107 2908 1203 2988 quod

234 3016 416 3097 redemptio
440 3037 505 3078 non
530 3016 637 3097 potuit
660 3036 729 3077 csse
754 3015 812 3077 nisi
837 3034 893 3097 per
919 3024 1059 3076 mortem
1077 3014 1200 3078 Christi

234 3133 266 3184 et
290 3144 346 3203 per
369 3123 492 3205 aliquid
515 3133 632 3205 sponte
655 3124 802 3185 oblatum
828 3122 901 3184 Deo
925 3123 1014 3203 quod
1028 3122 1068 3183 sit
1091 3122 1205 3201 majus

234 3230 323 3291 omni
348 3239 503 3304 creatura,
540 3230 667 3292 videtur
691 3248 759 3292 esse
782 3230 882 3291 dubia
905 3240 937 3292 et
968 3238 1081 3291 contra
1110 3228 1206 3290 dicta

235 3337 441 3401 Sanctorum.
457 3338 544 3399 Dicit
567 3338 653 3399 enim
669 3336 877 3417 Augustinus
890 3354 941 3414 [J.
955 3337 994 3398 de
1025 3336 1111 3398 Trin.
1124 3348 1205 3417 cop.

235 3464 286 3505 ro.
300 3454 333 3504 ct
356 3444 514 3525 allegatur
527 3465 546 3505 a
570 3444 728 3525 Magistro
743 3444 774 3505 in
799 3444 912 3517 littera,
926 3444 1017 3525 quod
1029 3442 1108 3505 alius
1126 3462 1206 3506 mo-

235 3550 297 3610 dus
321 3551 498 3611 redimendi
524 3550 690 3612 hominem
726 3570 825 3631 quam
850 3571 907 3631 per
943 3559 1083 3613 mortem
1107 3547 1210 3612 Chri-

235 3654 285 3727 sti,
311 3654 383 3715 Deo
418 3675 483 3717 non
508 3655 568 3717 fuit
591 3656 805 3737 impossibilis.
842 3656 925 3719 Item
948 3655 1019 3719 Leo
1054 3657 1147 3737 Papa
1174 3659 1211 3723 in
