2600 4200
223 201 284 256 180
434 196 508 256 Lm.
535 195 586 257 IV
608 195 917 264 ‚Seurenrmnun

195 373 349 454 ligneum
375 375 468 454 quod
491 376 560 435 cito
583 376 695 454 potuit
719 372 887 441 tranferri,
912 374 993 453 quia
1016 384 1160 453 propter

194 483 466 560 persecutionem
491 500 560 543 non
583 490 657 542 erat
679 478 838 541 fidelibus
861 481 957 541 locus
972 490 1086 541 certus
1113 481 1157 541 ad

194 588 422 660 manendum3
448 589 509 649 sed
532 587 634 648 modo
659 607 726 649 non
751 596 804 649 est
826 587 956 649 licitum
984 587 1158 649 celebrare

194 696 260 756 nisi
286 714 390 776 super
413 695 519 756 altare
544 695 726 775 lapideum,
744 704 815 755 tum
833 703 972 773 propter
989 693 1157 755 Ecclesiae

195 804 457 870 institutionem,
481 811 519 863 ut
543 811 637 882 patet
661 802 713 862 De
734 822 866 862 consecr.
880 802 949 862 dist.
968 820 994 861 1.
1013 802 1151 867 Allaria,

174 916 267 982 ¹tum
293 910 374 988 quia
395 917 536 988 propter
558 907 810 990 figurationem,
835 918 906 969 tum
931 909 1022 989 quia,
1047 915 1084 969 ut
1108 909 1157 967 ait

195 1014 399 1095 Apostolus,
434 1016 598 1077 bibebant
636 1024 748 1077 autem
784 1015 827 1078 de
861 1004 1007 1095 spiritali
1041 1032 1161 1075 eonse-

194 1133 322 1203 quente
345 1142 405 1183 eos
428 1135 534 1202 petra,
559 1134 658 1201 petra
681 1112 798 1183 autem
818 1134 870 1183 est
894 1118 1060 1184 Christus.

286 1336 350 1399 De
374 1335 496 1398 tertio
519 1333 713 1397 Artiortlo
729 1336 805 1395 dico
829 1332 911 1395 duo:
937 1334 1048 1393 Primo
1063 1328 1157 1413 quod

196 1462 264 1504 non
288 1443 368 1503 licet
392 1440 536 1503 Missam
553 1443 627 1503 sine
642 1442 725 1523 igne
737 1440 918 1509 celebrare,
931 1452 1004 1503 tum
1017 1450 1160 1521 propter

195 1548 362 1610 Ecclesiae
387 1549 648 1617 institutionem,
663 1558 699 1609 ut
710 1557 805 1627 patet
817 1548 869 1608 De
891 1568 1022 1608 consecr.
1039 1548 1109 1608 dist.
1127 1567 1156 1609 J.

194 1678 219 1716 c.
252 1656 376 1722 Ultrino,
405 1666 477 1715 tum
502 1664 650 1735 propter·
666 1656 786 1737 ignitae
811 1654 989 1716 charitatis
1002 1654 1159 1715 demons-

195 1762 388 1829 trationem,
413 1764 494 1841 quia
517 1762 718 1824 accedentes
742 1759 784 1823 ad
819 1762 926 1823 altare
960 1762 1084 1822 debent
1108 1779 1161 1822 ar·

194 1870 275 1931 dere
299 1871 381 1950 igne
404 1870 590 1943 charitatis.
617 1906 658 1912 —
684 1870 823 1929 ,Secundo
849 1868 926 1930 dico
961 1868 1052 1949 quod
1087 1887 1155 1929 non

194 1976 276 2037 licet
300 1974 443 2037 Missam
468 1976 639 2038 celebrare
664 1978 737 2037 sine
755 1976 969 2037 vestimentis
993 1974 1035 2050 ab
1059 1972 1161 2055 Epis-

194 2103 282 2164 copo
305 2080 504 2151 benedictis,
530 2092 568 2144 ut
602 2092 696 2163 patet
722 2083 771 2142 De
794 2103 924 2143 consecr.
949 2082 1018 2143 dist.
1044 2100 1070 2142 1.
1105 2082 1161 2142 Ve-

194 2194 349 2252 stimenta.

285 2297 350 2358 Sed
369 2299 503 2358 diceres:
520 2297 603 2376 quid
623 2306 704 2358 sunt
722 2297 788 2357 ista
804 2297 1009 2358 vestimenta
1024 2306 1058 2357 et
1074 2295 1159 2376 quid

195 2403 357 2485 figurant.
1019 2475 1022 2482 ι

286 2512 466 2588 Respondeo
488 2511 581 2590 quod
604 2529 646 2570 ea
669 2529 747 2590 quae
765 2511 1049 2591 requirunturad
1073 2509 1161 2571 cele·

194 2618 386 2679 brationem
427 2617 547 2678 Missae
581 2627 830 2696 repraesentant
870 2629 997 2678 nostrae
1031 2617 1162 2679 redem-

195 2725 324 2804 ptionis
348 2726 560 2805 mysterium.
585 2723 657 2784 Ista
674 2733 786 2786 autem
803 2725 1028 2805 designantur
1051 2741 1160 2803 penes

194 2831 357 2912 quinque,
383 2832 464 2910 quia
487 2832 646 2911 quaedam
674 2831 861 2911 respiciunt
885 2829 1011 2893 Christi
1037 2831 1160 2892 nativi·

195 2946 301 2998 tatem
326 2947 359 2998 et
396 2939 673 3007 incarnationem,
710 2949 743 2998 et
778 2938 935 3018 quaedam
970 2938 1160 3018 respiciunt

194 3045 270 3124 ejus
280 3045 570 3124 praedicationem,
584 3044 741 3124 quaedam
760 3044 832 3125 ejus
848 3045 1053 3124 passionem,
1067 3061 1161 3123 quae-

195 3153 273 3212 dam
298 3151 372 3232 ejus
395 3153 688 3222 resurrectionem,
714 3152 871 3231 quaedam
897 3152 970 3231 ejus
991 3151 1161 3212 ascensio·

195 3277 284 3318 nem.
310 3257 374 3318 Illa
398 3267 510 3319 autem
527 3277 605 3337 quae
622 3259 810 3337 respiciunt
827 3257 954 3320 Christi
971 3257 1158 3318 adventum

195 3374 230 3426 et
253 3366 521 3426 incarnationem
545 3365 669 3426 durant
698 3385 717 3424 a
733 3365 973 3426 calceamentis
989 3383 1098 3444 usque
1114 3363 1158 3424 ad

195 3471 427 3552 Evangelium
451 3472 638 3541 exclusive,
664 3471 855 3552 dequibus
871 3471 1160 3551 aliqua·spectant

195 3578 239 3638 ad
263 3588 420 3638 ornatum
446 3579 642 3647 sacerdotis,
668 3577 735 3638 alia
760 3578 802 3638 ad
814 3584 1011 3658 processum
1026 3575 1159 3646 Missae‚
