2600 4200
256 223 321 297 380
491 219 566 280 Lm.
592 218 645 280 IV
669 217 977 282 Ssnrsn'nnnmr

1011 327 1015 334 -
1025 327 1132 334 ι-...μ--ι
1140 327 1154 332 ..
1164 326 1171 331 .
1178 325 1199 330 .-

230 397 324 479 ignis
347 397 529 478 purgando
553 399 704 459 innovet.
724 433 764 442 —
791 397 913 458 Tertius
936 399 1054 458 modus
1070 397 1202 458 dicendi

230 514 284 566 est
307 523 408 584 quem
432 513 542 565 teneo.
569 503 658 565 Nam
683 506 772 566 sicut
799 506 896 585 ponit
930 501 1070 566 Glossa
1105 521 1204 582 super

231 609 291 672 illo
314 611 441 672 verbo:
460 611 616 688 purgabit
621 612 714 691 filios
731 612 818 677 Levi,
840 611 927 672 duos
944 612 1053 692 ignes
1071 608 1207 672 futuros

229 717 390 800 legimus,
415 736 520 778 unum
547 718 605 798 qui
633 718 798 798 purgabit
832 715 970 787 electos,
996 717 1114 778 aliurn
1151 715 1206 796 qui

229 824 396 884 cruciabit
418 824 591 902 reprobos
624 823 763 884 Primus
797 824 889 904 ignis
924 824 1103 903 praecedit
1123 821 1210 902 judi·

229 930 331 998 cium.
356 930 417 990 sed
440 930 612 991 secundus
639 931 733 1011 ignis
764 932 920 1010 sequitur
946 929 1139 1010 judicium.
1164 926 1212 989 Et

230 1034 450 1098 confirmatur
473 1055 535 1116 per
557 1036 799 1117 Augustinum
824 1056 874 1097 20.
901 1037 953 1097 De
981 1036 1051 1097 Cio.
1073 1037 1156 1102 Dei,
1172 1042 1212 1094 ut

224 1143 297 1223 jam
321 1142 508 1223 allegatum
533 1151 606 1204 est:
627 1142 790 1223 judicatis
814 1143 930 1223 impiis
960 1153 995 1204 et
1031 1145 1069 1204 in
1110 1151 1211 1205 aeter·

230 1268 312 1310 num
336 1251 453 1331 ignem
477 1250 603 1319 missis,
628 1259 692 1310 etc.

320 1461 382 1523 An
404 1474 679 1524 ARGUMENTUM
705 1464 738 1522 in
761 1463 956 1524 contrarium
990 1462 1069 1523 dico
1108 1457 1206 1542 quod

230 1587 300 1631 non
323 1578 376 1631 est
399 1569 645 1630 inconveniens
669 1568 761 1647 quod
788 1569 881 1650 ignis
914 1579 1044 1650 purget
1067 1570 1204 1651 ignem.

230 1676 320 1736 sicut
354 1693 415 1736 nec
450 1685 503 1736 est
538 1675 784 1736 inconveniens
819 1675 912 1755 quod
947 1694 1073 1737 manus
1105 1675 1205 1736 lavet

231 1800 379 1843 menum.

576 2080 759 2163 QUAEsno
784 2081 846 2144 ΙΙΙ.

353 2245 409 2304 Ad
429 2247 551 2304 terlzom
580 2244 789 2319 Quoesfionem
812 2246 855 2303 sic
873 2246 1075 2321 proceditur:

320 2420 468 2483 Videtur
490 2421 583 2502 quod
606 2429 685 2502 post
704 2421 870 2501 judicium
896 2440 964 2482 non
991 2432 1105 2483 cesset
1129 2442 1198 2484 mo-

230 2536 288 2591 tus
310 2546 490 2607 corporum
515 2527 718 2597 coelestium,
751 2528 833 2607 quia
863 2545 1007 2606 corpora
1037 2526 1198 2589 coelestia

231 2653 299 2695 non
316 2642 416 2694 enmt
432 2632 685 2713 imperfectiora
695 2643 774 2713 post
786 2633 951 2712 judicium
969 2652 1072 2713 quam
1085 2652 1196 2706 nunc;

230 2740 292 2801 scd
314 2750 429 2801 motus
452 2749 505 2800 est
527 2741 666 2819 propria
689 2736 853 2819 perfectio
876 2757 1058 2818 corporum
1075 2739 1200 2801 coeles·

230 2848 326 2915 tium,
351 2846 407 2906 vel
431 2848 585 2925 requitur
608 2845 651 2906 ad
674 2864 791 2907 eorum
826 2842 1082 2925 perfectionem,
1107 2846 1200 2907 alias

230 2951 357 3013 frustra
380 2960 618 3023 moverentur;
644 2971 729 3033 ergo
752 2960 832 3032 post
851 2952 1018 3031 judicium
1032 2970 1100 3013 non
1125 2970 1201 3013 ces-

230 3060 320 3121 sabit
343 3069 458 3119 motus
481 3077 662 3138 corporum
687 3058 890 3120 coelestium.

321 3166 359 3225 ln
383 3168 553 3243 oppositum
578 3175 631 3227 est
654 3164 825 3247 Magister
848 3168 881 3224 in
906 3167 1008 3225 litera.

320 3270 462 3333 In1sm
479 3270 723 3352 QUAEsnonn
733 3274 843 3349 primo
859 3291 983 3352 ponam
996 3272 1196 3351 opinionem

230 3378 523 3459 philosophorum.
549 3378 689 3439 Secundo
712 3380 908 3458 opinionem
939 3378 1196 3459 theologorum.

237 3487 342 3547 Tertio
365 3487 489 3547 videbo
513 3493 679 3565 quantum
708 3486 847 3547 valeant
880 3487 1028 3547 rationes
1062 3502 1195 3545 eorum.

234 3592 365 3665 Quarto,
395 3594 423 3651 si
448 3600 561 3652 motus
585 3591 664 3652 coeli
690 3601 742 3652 est
759 3593 923 3655 naturalis
938 3590 993 3652 vei
1007 3590 1195 3652 violentus.
