2600 4200
334 760 650 865 Distinctio
691 758 909 865 XVIII.

413 1014 489 1090 Ηίο
519 1016 653 1113 quaeri
687 1014 832 1089 solet...

224 1191 316 1251 Circa
334 1190 418 1250 Dist.
435 1194 474 1249 18
486 1196 516 1249 ei
525 1210 563 1263 19
575 1210 682 1267 quero
694 1196 756 1249 ires
766 1190 966 1263 Queesiitmes.
976 1188 1100 1250 Primo:

150 1299 264 1356 Uirum
288 1297 412 1355 cuilibet
426 1297 588 1356 Sacerdoti
597 1299 630 1355 in
646 1298 835 1372 susceptione
852 1296 982 1355 Ordinis
1004 1316 1103 1355 sacer·

141 1406 219 1462 dolii
240 1404 354 1463 dentur
375 1404 474 1462 claves
498 1405 592 1479 regni
612 1404 766 1462 caelorum.
789 1400 962 1463 Secundo:
987 1403 1101 1461 Uirum

137 1516 273 1589 potestas
295 1512 429 1569 clavium
454 1516 574 1569 tantum
597 1530 630 1568 se
653 1510 802 1569 exlendal
822 1510 867 1569 ad
881 1515 1006 1585 partam
1030 1514 1102 1567 iem·

137 1620 289 1695 poralem.
315 1616 453 1677 Tertio:
496 1616 610 1676 Uirum
627 1622 765 1693 poteslas
784 1618 918 1675 clavium
942 1636 975 1675 se
997 1622 1103 1674 exlen-

142 1726 197 1783 dai
217 1725 262 1783 ad
281 1725 639 1789 excommunicantem,
661 1725 705 1781 iia
721 1724 891 1800 quodrecie
914 1725 986 1801 quis
1003 1724 1104 1799 possit

141 1831 418 1890 exconmmnicari.

504 2058 686 2141 QUAEsnn
710 2059 736 2121 Ι.

256 2204 311 2263 ,td
325 2206 466 2280 primam
494 2204 703 2278 Qteoestionem
727 2205 771 2262 sie
788 2204 996 2278 proceditur:

233 2363 380 2424 Videtur
404 2364 495 2444 quod
519 2365 554 2424 in
579 2356 1007 2442 susceptione'sacerdotii
1033 2383 1101 2423 non

144 2469 363 2531 conferantur
386 2470 552 2531 sacerdoti
577 2470 693 2530 claves
706 2471 803 2550 regni
821 2469 996 2538 coelorum,
1022 2470 1103 2548 quia

144 2578 186 2637 de
205 2576 342 2638 Christo
358 2576 483 2637 dicitur
506 2579 601 2653 Apoc.
622 2595 654 2651 3.
669 2598 680 2634 .·
705 2575 833 2636 claudit
856 2585 890 2636 et
903 2594 1002 2636 nemo
1027 2595 1102 2654 ape-

145 2685 199 2753 rit,
225 2683 389 2762 aperitet
414 2702 513 2743 nemo
539 2683 687 2754 claudit;
713 2701 796 2762 ergo
827 2683 921 2742 solus
945 2681 1102 2744 Christus

142 2790 246 2851 habet
269 2789 394 2849 claves,

215 2895 361 2956 Conna.
387 2896 498 2954 nlattle.
524 2901 571 2955 16.
597 2897 809 2974 promittitur
841 2895 943 2955 Petro
967 2905 1001 2955 et
1025 2895 1102 2955 aliis

143 3003 407 3064 Sacerdotibus:
431 3001 510 3063 Tibi
535 3002 623 3062 dabo
646 3002 763 3062 claves
802 3003 899 3082 regni
925 3000 1099 3062 coelorum.

232 3108 276 3170 IN
301 3107 535 3188 QUAESTIONE
558 3122 643 3169 ISTA
667 3109 818 3189 quinque
838 3117 919 3169 sunt
942 3107 1100 3168 notanda.

143 3217 264 3282 Primo,
293 3215 384 3295 quod
408 3217 442 3275 in
466 3213 622 3275 Ecclesia
645 3224 697 3275 est
722 3235 789 3276 una
812 3216 920 3275 clavis
937 3214 1027 3294 apud
1044 3211 1102 3275 Sa-

142 3323 324 3390 cerdotem,
350 3339 428 3400 quae
451 3331 504 3382 est
518 3331 673 3400 potestas
690 3322 928 3382 sententiandi.
947 3321 1096 3387 Secundo,

142 3428 236 3508 quod
259 3428 293 3487 in
318 3425 474 3488 Ecclesia
495 3439 548 3488 est
572 3447 640 3488 una
673 3427 781 3488 clavis
816 3428 907 3508 apud
941 3425 1102 3488 Sacerdo-

141 3545 223 3603 tem,
248 3552 326 3613 quae
349 3543 402 3594 est
424 3543 577 3612 potestas
600 3535 840 3614 cognoscendi.
868 3535 978 3599 Tertia
1008 3533 1100 3612 quod

1023 3723 1047 3766 15
