2600 4200
452 761 769 868 Distinctio
809 759 912 868 IX.

390 1051 440 1126 [t
469 1053 581 1127 siout
610 1053 708 1128 duee
740 1055 841 1127 sunt
874 1075 972 1127 ree...

292 1246 382 1305 Circa
418 1249 508 1304 istam
548 1246 632 1306 Dz'st.
662 1266 689 1320 p.
719 1265 825 1324 quaro
860 1251 922 1304 tres
955 1245 1158 1319 Qnoestiones.

198 1353 328 1414 Primo:
362 1353 476 1412 Utrum
501 1351 739 1412 Sacramentum
769 1351 916 1428 Corporis
932 1352 1052 1412 Christi
1059 1355 1163 1430 possit

197 1481 216 1519 o
242 1481 301 1519 non
318 1461 442 1536 jejunis
464 1458 617 1519 celebrari
637 1460 689 1518 oet
709 1460 814 1536 recipi.
841 1456 1014 1520 Secundo:
1043 1459 1159 1518 Utrum

191 1567 338 1644 possibile
360 1568 403 1625 sit
429 1565 547 1643 Corpus
576 1565 697 1626 Christi
717 1565 773 1624 snb
801 1568 900 1643 specto
921 1568 1020 1642 ponz‘s
1041 1567 1162 1626 etvini

197 1675 351 1732 contineri
372 1674 531 1732 veraciter.
559 1671 690 1732 Tertio:
724 1672 839 1732 Utrum
863 1675 1001 1731 existens
1025 1674 1057 1730 in
1078 1692 1160 1731 mor·

198 1781 257 1838 tali
272 1786 396 1856 peccato
413 1785 517 1856 peccet
553 1779 727 1837 mortaliter
760 1779 935 1856 accipiendo
969 1779 1023 1838 hoc
1046 1779 1160 1839 Sacro-

198 1894 345 1946 mennon.

560 2168 744 2249 QUAESTIO
767 2168 792 2230 Ι.

311 2348 366 2407 Act
380 2351 521 2425 prunam
550 2350 758 2421 ercosn’oneno
782 2350 826 2405 sic
843 2347 1052 2423 proceditur:
1147 2346 1151 2353 ’

288 2506 434 2568 Videtur
458 2508 549 2587 quod
574 2507 831 2568 Sacramentum
856 2505 1018 2587 Corporis
1029 2507 1157 2569 Christi

198 2616 308 2693 possit
343 2636 363 2675 a
397 2634 465 2675 non
486 2615 612 2694 jejunis
646 2615 809 2675 celebrari
845 2615 901 2676 vel
937 2616 1052 2695 recipi,
1077 2616 1160 2695 quia

198 2732 277 2801 post
301 2740 433 2782 coenam
458 2719 614 2783 Christus
630 2720 809 2800 discipulis
826 2722 897 2781 suis
914 2724 1048 2801 pransis
1064 2722 1159 2782 dedit

198 2828 460 2889 Eucharistiam.

248 2936 371 2995 Contra.
397 2936 448 2994 De
477 2936 615 2995 Consecr.
640 2936 709 2994 dist.
735 2954 764 2994 2.
788 2941 854 3011 cop.
874 2934 1019 3012 Liquido,
1047 2944 1081 2994 et
1104 2952 1161 2994 su·

199 3043 302 3102 mitur
326 3042 368 3101 ab
393 3040 595 3122 Augustino
619 3042 662 3101 ad
697 3043 937 3121 inquisitiones
957 3040 1155 3119 Jannuarii:

199 3148 332 3209 Placuit
357 3147 499 3227 Spiritui
526 3148 652 3208 Sancto
676 3159 714 3209 ut
738 3150 772 3209 in
800 3149 964 3209 honorem
989 3149 1073 3208 tanti
1098 3146 1160 3208 Sa·

198 3257 360 3315 crainenti
386 3256 481 3335 prius
506 3256 540 3314 in
564 3274 603 3315 os
627 3253 812 3316 Christiani
847 3255 1054 3316 dominicum
1079 3254 1159 3316 Cor·

198 3380 264 3441 pus
288 3362 428 3421 intraret
452 3381 553 3440 quain
578 3362 644 3421 cibi
669 3361 736 3422 alii.

288 3466 330 3528 Iu
356 3482 440 3528 isra
464 3464 691 3542 QoAEsTioxE
700 3472 808 3545 primo
824 3487 949 3547 ponam
973 3486 1075 3529 unam
1091 3467 1160 3527 dis·

200 3576 419 3643 tinctionem
444 3575 574 3633 seconido
598 3575 811 3653 respondebo
840 3576 882 3635 ad
917 3576 1157 3654 quaestionem.
