2600 4200
219 272 280 335 194
447 250 521 319 Lm.
546 254 591 315 111
616 252 911 317 Saureurruuuu

191 458 403 543 cipationem;
427 458 484 521 sed
501 458 582 521 ratio
598 456 753 540 diligendi
767 465 817 519 est
835 456 961 519 bonum
977 456 1009 518 in
1025 456 1160 537 objecto

191 566 281 648 quod
304 565 457 628 convenit
480 564 553 627 Deo
577 584 634 646 per
657 564 839 637 essentiam,
863 572 1021 626 creaturae
1043 572 1158 625 autem

161 704 164 711 ·
192 693 249 755 per
273 672 573 755 participationem
598 670 707 753 igitur.

260 774 325 845 Ad
345 780 576 865 argumenta
610 786 722 839 autem
757 774 887 839 alterius
921 775 1082 857 opinionis
1108 775 1156 837 di-

192 894 283 948 cetur
306 884 439 965 quando
463 884 605 947 solvetur
631 892 864 966 argumentum
899 883 941 945 ad
976 882 1157 945 secundum

194 991 378 1075 principale.

260 1204 325 1272 Be
350 1204 487 1270 lertio.
497 1194 702 1270 'Arltoulo
718 1212 816 1265 restat
832 1201 884 1265 hic
900 1222 1003 1264 unum
1019 1200 1157 1263 dubium

192 1312 320 1394 quodsi
338 1320 453 1374 natura
478 1320 586 1393 potest
603 1310 634 1401 in
651 1309 740 1372 hunc
763 1319 873 1371 actum
889 1310 946 1391 qui
961 1317 1010 1371 est
1026 1308 1159 1390 diligere

193 1418 303 1481 Deum
328 1417 551 1499 superomnia
575 1416 643 1479 sine
659 1416 772 1480 habitu
797 1415 961 1480 charitatis
983 1414 1099 1489 infuso,
1115 1414 1158 1477 ad

193 1525 271 1609 quid
297 1546 377 1606 ergo
403 1533 533 1606 oportet
557 1544 679 1607 ponere
702 1523 893 1587 charitatem
927 1522 1090 1585 infusam?
1114 1520 1160 1583 Et

192 1638 242 1695 est
258 1632 432 1694 dicendum
456 1633 547 1713 quod
570 1640 703 1713 propter
725 1632 793 1693 duo
815 1640 864 1693 est
887 1650 1016 1693 necesse
1039 1648 1160 1709 ponere

194 1737 385 1801 charitatem
422 1737 572 1801 infusam.
597 1736 722 1813 Primo,
752 1746 787 1799 ut
823 1737 932 1798 Deum
968 1734 1093 1797 firmius
1126 1744 1159 1796 et

194 1844 368 1909 ferventius
403 1844 586 1927 diligamus,
616 1846 703 1907 unde
736 1844 819 1906 sicut
854 1843 921 1906 sine
956 1842 1020 1905 fide
1054 1840 1160 1904 infusa

195 1972 364 2032 possemus
387 1951 539 2013 assentire
563 1950 723 2031 aliquibus
746 1950 927 2023 credilibus,
952 1950 1029 2031 quia
1046 1958 1160 2011 tamen

195 2076 259 2120 non
285 2057 328 2120 ita
360 2056 493 2120 tirmiter
528 2057 730 2131 assentimus
762 2057 835 2120 ideo
871 2077 999 2120 neeesse
1029 2064 1076 2120 est
1100 2076 1160 2138 po·

195 2183 270 2226 nere
305 2163 402 2226 fidem
428 2163 578 2230 infusam.
604 2163 658 2228 Sic
680 2165 779 2226 etiam
809 2165 841 2226 in
876 2163 1061 2245 proposito;
1086 2165 1161 2226 licet

194 2271 281 2334 enim
305 2291 348 2348 ex
372 2271 460 2352 puris
481 2271 682 2333 naturalibus
706 2291 876 2352 possemus
893 2271 1002 2332 Deum
1026 2271 1161 2351 diligere

195 2398 291 2458 super
314 2377 434 2450 omnia,
450 2398 514 2440 non
538 2387 647 2438 tamen
673 2378 717 2439 ita
740 2378 870 2459 proprie
885 2387 917 2440 et
933 2377 977 2439 ita
1000 2376 1161 2438 ferventer

196 2494 228 2545 et
252 2482 384 2546 firmiter
408 2485 490 2546 sicut
513 2504 588 2546 cum
613 2483 769 2547 charitate
793 2482 918 2552 infusa:
946 2483 1020 2546 ideo
1051 2502 1160 2544 neces-

196 2590 278 2653 saria
301 2599 349 2652 est
369 2589 508 2652 charitas
523 2589 644 2653 infusa.
664 2590 809 2653 Secundo
823 2600 872 2652 est
888 2609 1016 2652 necesse
1039 2609 1162 2671 ponere

196 2696 387 2758 charitatem
412 2694 550 2758 infusam
576 2705 613 2758 ut
636 2717 736 2778 opera
766 2707 877 2759 nostra
912 2695 1073 2757 meritoria
1096 2695 1162 2756 sint

198 2803 270 2864 Deo
304 2812 448 2884 accepta,
477 2811 509 2864 et
536 2803 599 2865 hoc
633 2804 739 2885 tangit
773 2802 956 2884 Apostolus
980 2820 1010 2868 1.
1033 2801 1082 2863 ad
1106 2799 1163 2873 Co

197 2909 299 2972 rz'utlr.
317 2928 368 2987 1j.
386 2909 411 2971 si
436 2909 552 2990 linguis
576 2909 747 2972 hominum
772 2910 886 2992 loquar
902 2919 934 2971 et
951 2909 1161 2990 Angelorum

197 3026 257 3078 etc.
283 3016 328 3077 Et
352 3016 454 3078 multa
478 3015 520 3078 ibi
545 3017 585 3077 de
609 3016 668 3077 ista
693 3015 826 3077 materia
848 3025 975 3093 tractat,
988 3026 1020 3078 et
1043 3017 1162 3098 Augu·

197 3123 300 3185 stinus
323 3123 400 3185 dicit
423 3123 512 3203 quod
540 3124 607 3184 sola
642 3122 780 3184 charitas
815 3123 928 3184 dividit
962 3123 1044 3185 inter
1078 3121 1163 3184 filios

199 3229 289 3312 regni
312 3239 345 3291 et
368 3227 450 3290 filios
473 3229 670 3310 perditionis.

214 3475 216 3480 .
266 3443 326 3505 AD
350 3457 493 3506 PRIMUM
517 3457 732 3506 PRINOEPALE
756 3444 930 3506 dicendum
965 3447 1055 3526 quod
1089 3446 1167 3511 licet

199 3549 339 3612 amicitia
363 3550 471 3612 stricte
494 3561 635 3631 sumpta,
663 3561 698 3612 ut
721 3552 761 3612 (le
784 3572 822 3612 ea
850 3551 992 3632 loquitur
1016 3552 1167 3617 Philoso-

200 3657 295 3738 phus,
320 3676 384 3718 non
421 3657 521 3738 possit
553 3658 614 3718 dici
650 3658 798 3732 charitas,
827 3669 952 3719 tamen
972 3659 1168 3741 accipiendo
