2600 4200
234 207 292 280 148
462 203 536 264 Lis.
564 201 613 264 IV
640 201 945 264 Sau‘reu'rrnnuu

206 380 316 442 forma
339 381 576 442 substantialis
600 390 723 460 praeter
746 383 893 442 animam
912 380 1168 452 intellectivam,

205 499 288 549 ωηο
304 489 419 548 anima
435 487 646 550 intellectiva
662 488 839 550 adveniret
851 490 920 549 e'nti
934 489 968 549 in
985 499 1063 549 actu
1080 491 1169 550 exis·

205 596 301 666 tenti,
326 603 360 656 et
384 597 432 655 sic
457 604 548 656 esset
571 592 681 655 forma
704 595 933 672 accidentalis

303 700 405 761 Tertio
428 703 491 762 sie:
517 699 554 762 Si
580 701 614 762 in
631 701 769 762 homine
785 711 900 762 essent
914 701 1031 782 plures
1047 700 1168 763 formae

204 808 459 876 substantiales,
483 808 627 868 dicendo
651 808 754 868 homo
770 818 823 868 est
838 808 974 877 animal,
992 827 1059 869 non
1076 818 1168 870 esset

204 914 405 993 praedicatio
429 934 490 994 per
513 933 550 974 se
574 915 685 994 primo
717 915 832 985 m0d0;
868 933 1083 995 consequens
1113 924 1166 975 est

203 1019 343 1092 falsum;
369 1041 453 1103 ergo
478 1034 511 1082 et
535 1022 750 1082 antecedens,
776 1021 922 1082 Probatio
941 1025 1161 1100 consequentis,

204 1130 287 1208 quia
308 1129 509 1208 praedicatio
533 1139 671 1208 sumpta
694 1149 715 1189 a
737 1129 884 1189 diversis
907 1126 1026 1189 formis
1042 1138 1094 1190 est
1105 1148 1166 1208 per

203 1237 371 1305 accidens,
398 1237 487 1296 sicut
510 1255 586 1296 cum
611 1235 746 1305 dicitur,
771 1235 874 1296 homo
897 1245 951 1296 est
975 1235 1087 1305 albus;
1105 1235 1168 1295 sed

203 1344 232 1403 si
258 1344 292 1403 in
317 1343 454 1403 homine
478 1353 593 1402 essent
616 1341 733 1421 plures
755 1339 886 1408 formae,
903 1361 981 1402 curn
997 1342 1165 1402 diceretur

203 1448 306 1508 homo
330 1459 382 1509 est
406 1448 541 1516 animal,
558 1459 638 1508 tunc
657 1450 723 1508 ista
749 1449 948 1527 praedicatio
975 1458 1166 1509 sumeretur

204 1575 225 1614 a
248 1555 394 1614 diversis
418 1552 547 1615 formis.

299 1661 413 1720 Contra
439 1662 525 1720 illam
543 1663 718 1738 opim'onem
736 1670 900 1740 quantum
918 1662 960 1722 ad
977 1661 1062 1722 illud
1073 1661 1167 1740 quod

202 1767 286 1828 dicit
308 1767 350 1827 de
374 1767 569 1846 pluralitate
601 1765 784 1827 formarum
821 1766 900 1828 nolo
934 1767 978 1828 ad
1011 1787 1166 1847 praesens

202 1874 387 1953 disputare,
413 1874 495 1954 quia
518 1873 603 1933 illud
627 1883 760 1953 spectat
776 1873 819 1934 ad
835 1876 1011 1936 materiam
1024 1875 1163 1935 secundi

204 1979 295 2041 Libri
320 1979 458 2050 directe,
483 1990 517 2040 et
542 1990 579 2040 ut
602 1998 693 2040 nunc
717 1981 867 2041 breviter
898 1981 1062 2041 indirecte
1094 1991 1167 2041 tan-

202 2098 315 2168 gatur‚
339 2107 449 2168 arguo
472 2097 592 2148 contra
615 2087 701 2149 illud
724 2087 816 2167 quod
839 2088 1025 2167 dicitquod
1041 2085 1166 2149 forma·

201 2194 245 2255 lis
268 2195 435 2255 terminus
470 2194 563 2255 illius
597 2195 833 2256 conversionis
867 2205 920 2255 est
954 2196 1097 2257 materia
1130 2204 1166 2255 et

201 2303 316 2362 anima
339 2300 563 2373 intellectiva;
589 2302 670 2381 quia
694 2302 722 2361 si
754 2301 868 2361 hostia
901 2309 1099 2363 consecrata
1128 2303 1165 2362 in

201 2406 310 2469 Coena
333 2405 455 2468 fuisset
478 2417 653 2469 reservata
677 2409 710 2467 in
735 2408 848 2469 triduo
874 2410 906 2468 in
931 2408 1060 2487 pixide,
1093 2427 1167 2489 per·

201 2515 384 2575 mansisset
409 2514 454 2574 ibi
480 2514 597 2574 eadem
621 2532 677 2574 res
700 2523 870 2575 contenta.
896 2513 986 2574 Illud
1003 2524 1116 2575 autem
1129 2515 1165 2577 in

202 2619 296 2699 quod
319 2621 430 2699 primo
454 2618 557 2680 fiebat
580 2620 761 2681 conversio
785 2639 852 2681 non
865 2618 929 2680 fuit
942 2623 1085 2682 materia
1099 2622 1167 2701 pri·

200 2746 266 2796 ma,
292 2745 353 2786 nec
378 2726 575 2794 accidentia,
601 2745 662 2786 nec
685 2728 912 2806 compositum
947 2745 992 2787 ex
1022 2729 1167 2789 materia

202 2842 236 2892 et
260 2832 448 2901 accidente;
475 2833 582 2913 igitur
606 2845 678 2893 erat
702 2834 929 2913 compositum
954 2852 998 2894 ex
1022 2836 1167 2895 materia

200 2948 234 2998 et
258 2937 368 2998 forma
391 2938 617 3000 substantiali.
644 2938 714 2999 Sed
737 2949 818 3001 tunc
843 2959 910 3000 non
934 2949 1007 3000 erat
1030 2959 1166 3021 compo·

200 3047 304 3105 situm
344 3064 388 3105 ex
428 3046 570 3106 materia
608 3056 641 3106 et
676 3048 790 3108 anima
824 3046 1044 3117 intellectiva,
1083 3049 1167 3127 quia

199 3150 358 3212 Christus
382 3150 446 3213 fuit
470 3172 550 3213 vere
574 3163 729 3213 mortuus
752 3164 786 3214 et
810 3156 923 3214 anima
954 3153 1167 3215 intellectiva

199 3278 280 3319 vere
304 3256 369 3319 fuit
393 3270 550 3339 separata
574 3280 593 3319 a
617 3278 768 3339 corpore.

289 3366 457 3433 Praeterea,
487 3367 651 3427 terminus
669 3365 762 3427 illius
778 3368 1013 3428 conversionis
1029 3376 1167 3447 oportet

200 3472 293 3550 quod
318 3472 362 3531 sit
386 3471 516 3551 aliquid
541 3472 640 3541 reale,
667 3475 747 3552 quia
771 3476 951 3534 conversio
978 3484 1030 3535 est
1046 3474 1163 3546 realis;

199 3578 260 3637 sed
287 3578 401 3638 anima
435 3577 654 3649 intellectiva,
691 3590 728 3640 ut
762 3580 820 3640 dat
854 3599 930 3641 esse
962 3600 1167 3661 corporeum
