2600 4200
239 179 300 251 358
475 173 550 234 Lm.
575 172 628 233 IV
653 171 960 234 Semunciarium

208 352 360 432 angelus
384 353 429 411 sit
453 351 560 412 albus.
587 349 624 412 Si
647 353 834 428 spiritualis,
863 370 947 432 ergo
972 371 1043 412 non
1070 353 1186 432 magis

213 458 395 540 perillum
419 467 472 519 est
495 476 635 537 passum
660 459 953 536 approximatum.
972 460 1114 538 corpori
1148 471 1185 519 ut

209 567 331 646 agenti
356 584 458 644 quam
481 566 586 644 prius.
614 601 653 608 -
680 565 848 632 Prcelerea,
878 566 945 624 ista
968 584 1080 644 poena
1103 566 1185 625 reci·

212 681 352 752 peretur
375 671 568 732 immediate
603 672 637 732 in
674 673 740 732 isto
775 671 892 750 habitu
928 681 1108 752 tamquam
1149 673 1184 731 in

213 780 372 860 proximo
395 778 580 857 receptivo,
607 780 711 838 immo
736 796 798 838 nec
814 778 961 839 mediate
978 780 1013 838 in
1031 780 1111 857 ipsa
1128 798 1184 838 na·

209 895 291 948 tura
314 885 439 966 angeli,
464 885 492 944 si
517 893 689 965 repugnat
713 883 762 945 illi
788 895 929 952 naturae.
955 882 1000 944 Et
1025 886 1054 944 si
1082 886 1186 945 detur

205 995 363 1070 primum,
392 992 547 1070 sequitur
570 992 663 1070 quod
687 991 744 1052 ille
769 990 906 1052 habitus
930 1002 1115 1071 separatus
1139 991 1182 1051 ab

214 1098 339 1179 angelo
363 1108 480 1177 posset
503 1099 616 1176 puniri
641 1097 758 1158 eadem
784 1117 896 1177 poena.
931 1095 968 1159 Si
1004 1099 1109 1158 detur
1138 1119 1184 1156 se·

209 1205 357 1271 cundum,
386 1204 540 1284 sequitur
564 1205 656 1283 quod
681 1204 775 1264 nullo
798 1204 901 1264 modo
917 1204 1066 1286 angelus
1083 1207 1184 1284 puni·

212 1321 278 1380 tur,
304 1311 364 1371 sed
388 1321 520 1372 tantum
546 1311 603 1372 ille
627 1311 774 1372 habitus.

306 1524 446 1586 lertio
469 1524 614 1602 opinio
638 1524 836 1604 dicitquod
861 1525 1003 1603 spiritus
1027 1543 1098 1585 non
1124 1545 1182 1604 pa·

210 1633 298 1693 titur
318 1631 360 1691 ab
385 1633 466 1711 igne
490 1632 650 1710 passione
674 1626 841 1711 corporali
867 1649 945 1710 quae
980 1640 1032 1691 est
1068 1631 1179 1696 dolor,

210 1740 295 1818 quia
318 1738 398 1798 talis
421 1740 538 1817 passio
561 1739 717 1816 sequitur
748 1739 936 1818 appetitum
970 1739 1179 1798 sensitivum

213 1846 272 1924 qui
298 1865 364 1905 non
389 1855 442 1930 est
466 1847 499 1905 in
523 1845 659 1925 angelo,
684 1846 812 1926 patitur
836 1854 947 1904 autem
972 1863 1078 1923 poena
1098 1863 1179 1924 quae

212 1962 266 2012 est
290 1953 439 2015 tristitia.
465 1953 667 2030 inquantum
699 1951 924 2030 apprehendit
959 1952 1076 2032 ignem
1114 1953 1179 2012 sub

210 2061 345 2120 ratione
369 2059 491 2139 objecti
516 2059 816 2128 disconvenientis,
842 2067 876 2119 et
899 2058 962 2119 hoc
979 2058 1176 2138 dupliciter;

214 2168 335 2246 primo,
361 2176 398 2227 ut
421 2166 578 2227 detinens
608 2167 767 2245 spiritum
802 2166 980 2245 definitiva·
1014 2168 1176 2233 secundo,

213 2283 252 2333 ut
276 2275 461 2333 immutans
484 2274 636 2349 objectiva
664 2272 794 2333 Prinas
818 2282 911 2351 patet
945 2273 1009 2332 sic:
1043 2272 1176 2333 nullum

212 2399 348 2459 corpus,
373 2389 411 2439 ut
434 2380 561 2447 locans,
586 2389 638 2439 est
663 2380 925 2440 disconveniens
955 2378 1078 2443 locato,
1110 2382 1175 2439 nisi

213 2488 296 2566 quia
319 2486 411 2547 aliud
435 2506 559 2565 corpus
590 2496 642 2546 cst
674 2486 738 2546 sibi
773 2486 991 2546 conveniens.
1025 2482 1177 2564 Spiritus

210 2603 327 2653 autem
352 2596 440 2654 sicut
464 2612 541 2653 cum
566 2592 660 2653 nullo
684 2611 825 2671 corpore
849 2592 951 2653 habet
986 2594 1176 2653 naturalem

213 2701 498 2769 convenientiam,
523 2701 604 2778 quia
628 2709 709 2760 tunc
734 2698 817 2759 illud
835 2708 926 2759 esset
942 2698 1097 2760 naturale
1114 2701 1179 2760 sal·

214 2807 369 2867 vativum
394 2806 476 2885 ejus,
502 2808 549 2866 ita
573 2806 615 2866 ad
639 2805 770 2866 nullum
796 2824 921 2885 corpus
947 2806 1050 2865 habet
1082 2818 1177 2866 natu-

211 2914 319 2974 ralem
344 2914 671 2974 disconvenientiam
697 2922 954 2992 propterquam
972 2912 1018 2972 ibi
1031 2913 1174 2973 detineri

214 3021 259 3080 sit
283 3030 414 3080 naturae
439 3038 511 3079 suae
535 3020 807 3080 disconveniens

304 3126 373 3187 Sed
397 3126 503 3187 dices:
528 3126 700 3205 quomodo
724 3128 831 3206 igitur
854 3126 981 3205 patitur
1016 3125 1058 3185 ab
1094 3126 1175 3205 igne

210 3252 258 3293 ex
283 3252 351 3311 quo
375 3233 503 3293 detinet
528 3252 605 3293 oum
640 3230 825 3293 definitive.
866 3268 908 3276 -
950 3232 1173 3311 Respondeo:

215 3339 253 3402 Si
278 3339 427 3400 Michael
450 3341 550 3400 alicui
575 3341 708 3419 corpori
733 3350 823 3400 esset
847 3358 891 3400 ex
925 3348 1098 3419 praecepto
1129 3339 1176 3399 di·

213 3449 297 3508 vino
320 3448 521 3526 conjunctus
546 3448 699 3507 localiter
722 3444 897 3507 definitive
922 3448 1023 3507 etiam
1058 3464 1175 3525 perpe-

213 3564 284 3619 tuo,
310 3564 343 3613 ct
367 3554 431 3613 hoc
454 3554 733 3633 apprehenderet,
759 3553 966 3615 nullomodo
991 3554 1177 3632 apprehen-
