2600 4200
383 733 701 841 Distinetio
741 735 955 841 XLIV.

372 1002 522 1082 Solent
551 1011 693 1083 autem
730 1008 959 1084 nonnulli...

281 1200 372 1258 Circa
407 1202 499 1258 islam
525 1201 608 1259 Disl.
637 1219 688 1276 44.
714 1221 820 1278 quoero
854 1207 916 1260 tres
942 1202 1153 1276 Quoeslzbnes.

187 1305 323 1367 Primo:
354 1307 469 1366 Ulrum
488 1309 673 1366 resurreclio
680 1307 749 1386 fiat
763 1309 797 1366 in
813 1310 953 1367 instanti.
972 1304 1153 1370 Secundo:

194 1414 307 1472 Utrum
343 1415 430 1489 {gnis
464 1412 634 1489 infernalzk
668 1417 785 1473 cruciet
817 1415 973 1490 malignos
1006 1417 1154 1492 spiritus.

102 1579 107 1590 ,
187 1519 324 1580 Tertio:
355 1520 470 1579 Utrum
495 1521 635 1579 homines
658 1521 803 1580 damnati
820 1527 891 1597 post
904 1522 1066 1598 judicium
1082 1543 1157 1582 cru·

186 1626 352 1685 ciabunlur
375 1627 432 1685 isto
456 1629 530 1702 {gne
554 1625 720 1698 infernali.
756 1688 759 1693 ,

548 1874 731 1954 QUAEsno
756 1875 782 1936 1.

301 2036 357 2093 Ad
370 2038 512 2112 primam
541 2037 750 2111 Qucestionem
775 2039 819 2096 sic
837 2037 1037 2115 proceditur:

275 2193 422 2257 Videtur
438 2197 529 2275 quod
546 2198 750 2257 resurrectio
767 2180 828 2258 fiat¹
844 2198 878 2258 in
895 2198 1048 2266 instanti,
1067 2200 1157 2277 quia

185 2322 212 2362 J.
238 2304 281 2360 ad
308 2303 444 2363 Thessal.
469 2322 498 2378 4.
525 2304 671 2363 dicitur:
697 2302 825 2365 Mortui
854 2305 912 2384 qui
949 2304 984 2364 in
1008 2302 1153 2365 Christo

185 2419 265 2470 sunt
288 2420 471 2489 resurgent
486 2412 597 2489 primi,
616 2410 738 2471 deinde
753 2428 816 2470 nos
832 2411 891 2490 qui
908 2411 1070 2479 vivimus,
1085 2421 1153 2471 ete.

279 2519 403 2577 Conlra.
429 2537 456 2576 1.
480 2518 524 2576 ad
549 2518 618 2577 Cor.
643 2536 690 2592 15.
724 2517 863 2579 dicitur:
891 2516 932 2577 In
963 2528 1153 2585 momento,

185 2625 220 2684 in
255 2626 324 2684 ictu
348 2624 448 2691 oculi,
473 2625 508 2684 in
533 2625 723 2685 novissima
746 2634 824 2694 etc.;
851 2624 959 2704 igitur
981 2642 1152 2685 resurrec-

186 2732 233 2791 tio
257 2729 315 2791 fiet
339 2733 373 2790 in
398 2732 549 2790 instanti.

274 2837 317 2897 ΙΝ
343 2851 428 2898 ISTA
452 2835 687 2916 QUAESTIONE
711 2846 790 2897 sunt
815 2838 880 2898 tria
904 2836 1061 2897 videnda.
1076 2836 1153 2896 Pri·

185 2964 243 3011 mo,
272 2946 300 3003 si
324 2944 480 3004 collectio
504 2946 651 3022 partium
676 2946 830 3024 eorporis
853 2943 994 3004 humani
1020 2940 1080 3003 fiat
1114 2944 1150 3003 in

185 3051 335 3110 instanti.
362 3051 510 3116 Secundo,
539 3052 566 3110 si
593 3050 744 3111 inductio
761 3048 880 3111 formae
896 3068 1069 3129 corporeae
1087 3068 1151 3110 seu

185 3158 285 3217 mixti
309 3155 368 3216 fiat
392 3157 426 3217 in
452 3158 602 3216 instanti.
636 3158 747 3223 Yertz'o,
777 3158 805 3217 si
831 3159 912 3217 unio
944 3157 1068 3216 animae
1101 3156 1152 3215 in·

184 3263 368 3324 tellectivae
392 3262 451 3323 fiat
476 3265 508 3323 in
535 3264 685 3323 instanti.

273 3459 337 3520 De
356 3458 500 3537 primo
524 3458 600 3518 dico
636 3458 728 3537 quod
764 3476 841 3525 non,
870 3458 952 3537 quia
985 3455 1150 3536 Angelus

185 3585 253 3626 non
277 3575 391 3644 potest
415 3540 553 3625 mbvere
576 3584 700 3644 corpus
725 3564 767 3624 de
791 3564 865 3625 loco
889 3565 932 3625 ad
963 3563 1075 3624 locum
1112 3563 1149 3623 in
