2600 4200
254 250 317 308 214
449 291 451 294 ,
480 231 554 293 Lm.
580 229 632 292 IV
658 230 962 295 sumre-urnam

229 408 287 471 Ex
310 410 375 472 hoc
398 430 468 471 uno
495 411 597 471 modo
632 412 790 493 arguitur
823 412 893 471 sic:
930 410 996 472 Hic
1020 422 1073 473 est
1113 397 1200 474 data

226 517 390 578 omnibus
413 516 658 579 Sacerdotibus
682 525 716 579 et
739 516 922 598 Apostolis
956 526 1111 597 potestas
1147 519 1199 580 di·

227 624 387 685 mittendi
422 632 582 704 peccata;
617 624 679 685 sed
718 642 786 686 non
825 624 1074 705 principaliter,
1110 627 1197 706 quia

227 729 295 791 hoc
318 738 371 791 est
394 732 570 811 proprium
594 731 681 803 Dei;
718 732 825 812 igitur
853 730 1124 793 ministerialiter
1158 742 1197 793 et

228 836 417 897 arbitrarie.
457 835 527 898 Sed
566 856 634 899 non
673 845 787 917 potest
827 837 982 899 arbitrari
1018 839 1052 899 in
1087 856 1196 899 causa

229 944 370 1024 ignota:
395 962 481 1026 ergo
503 944 604 1005 debet
626 944 678 1005 eis
701 962 777 1005 esse
800 962 906 1006 causa
938 942 1120 1006 manifesta
1155 947 1193 1005 in

228 1068 299 1129 qua
322 1049 468 1111 debeant
491 1050 658 1112 arbitrari.
684 1048 754 1113 Sed
778 1052 844 1111 ista
874 1049 1104 1114 manifestatio
1139 1061 1195 1113 est

230 1154 423 1219 confessio:
449 1158 556 1239 igitur
577 1176 623 1219 ex
647 1159 714 1219 ista
736 1156 919 1219 collatione
945 1160 1126 1238 potestatis
1144 1178 1196 1219 ar-

230 1263 381 1325 bitrariae
403 1264 648 1335 sacerdotibus,
673 1272 711 1325 ut
745 1266 936 1326 innotescat
969 1265 1054 1345 ipsis
1088 1282 1195 1326 causa

230 1372 372 1449 peccati,
396 1370 572 1453 obligatur
594 1379 752 1451 peccator
776 1371 818 1432 ad
842 1371 1070 1433 accusandum
1088 1390 1126 1433 se
1142 1374 1195 1433 eis

231 1482 406 1557 tamquam
426 1478 577 1548 arbitris,
594 1488 636 1540 'et
658 1478 745 1539 illud
764 1488 822 1539 est
847 1476 1011 1540 confiteri.
1088 1482 1101 1501 “

322 1581 490 1654 Secundo,
515 1604 560 1646 ex
583 1586 701 1647 eadem
726 1585 783 1646 via
814 1586 863 1647 sic
897 1586 1074 1666 arguitur:
1111 1584 1196 1664 Qui·

230 1709 366 1771 cunque
390 1691 504 1754 amisit
527 1692 672 1772 primam
696 1693 843 1773 gratiam
867 1701 1003 1753 tenetur
1026 1691 1120 1753 illam
1145 1711 1196 1752 re-

230 1816 403 1877 cuperare,
428 1798 470 1859 d'e
494 1800 697 1860 necessitate
721 1798 823 1878 hujus
843 1798 1030 1878 praecepti:
1064 1798 1195 1879 diliges

231 1902 418 1965 Dominum
443 1904 555 1967 Deum
580 1914 696 1976 tuum;
722 1923 806 1986 ergo
830 1914 995 1985 quantum
1020 1905 1116 1966 inse
1141 1915 1195 1966 est

231 2011 332 2072 debet
356 2030 459 2093 agere
482 2004 526 2072 ad
549 2012 839 2092 recuperationem
873 1991 1006 2092 gratiae,
1030 2021 1065 2073 et
1088 2013 1194 2073 etiam

232 2120 267 2180 in
291 2121 419 2180 virtute
430 2119 524 2180 illius
535 2121 713 2200 praecepti;
731 2119 857 2200 diliges
873 2121 1031 2199 teipsum.
1045 2117 1115 2182 Sed
1127 2121 1195 2179 iste

231 2237 390 2305 peccator
413 2228 448 2287 in
472 2237 612 2306 peccato
635 2226 772 2286 mortali
796 2227 911 2286 amisit
945 2227 1089 2306 primam
1115 2243 1195 2307 gra·

232 2333 325 2400 tiam,
350 2344 384 2392 et
407 2341 521 2412 potest
543 2351 743 2413 recuperare
770 2351 844 2393 eam
880 2332 1098 2412 suscipiendo
1134 2331 1195 2392 Sa·

232 2451 442 2501 crumentum
467 2439 687 2501 Poenitentiae
711 2439 753 2500 ab
771 2438 830 2500 illo
847 2438 984 2508 arbitro,
1003 2440 1084 2519 quia
1099 2440 1195 2501 istud

231 2555 285 2607 cst
308 2547 503 2607 institutum
531 2556 568 2607 ut
602 2546 788 2607 remedium
824 2543 945 2606 efficax
980 2547 1022 2607 ad
1056 2565 1195 2626 recupe-

231 2654 371 2714 randam
397 2655 540 2733 primam
565 2655 712 2735 gratiam
737 2671 781 2712 ex
805 2653 910 2713 verbo
945 2652 1192 2734 praeallegato:

232 2758 387 2840 Quorum
412 2761 611 2822 remiseritis
633 2768 774 2838 peecata
805 2768 867 2820 etc.
893 2757 989 2841 Ergo
1023 2759 1195 2820 concludi-

232 2876 288 2929 tur
312 2868 497 2928 necessitas
521 2863 747 2927 confessionis
771 2883 816 2927 ex
841 2865 899 2927 illo
924 2865 1030 2926 verbo
1045 2884 1196 2945 evange-

232 2973 299 3034 lico
323 2983 356 3034 et
379 2993 424 3034 ex
449 2973 508 3034 illo
525 2973 706 3053 adjuncto:
731 2973 857 3054 diliges
874 2971 1060 3033 Dominum
1078 2971 1193 3032 Deum

233 3090 339 3141 tuum.
370 3079 517 3141 Videtur
551 3081 659 3161 igitur
692 3079 876 3140 tenendum
912 3077 1003 3158 quod
1037 3077 1194 3139 confiteri

233 3185 408 3248 Sacerdoti
434 3198 487 3248 est
510 3187 551 3247 de
572 3188 648 3266 jure
671 3187 821 3266 positivo
845 3185 972 3246 divino

323 3402 386 3464 De
413 3400 593 3464 secundo
617 3399 822 3473 Articuli),
847 3398 977 3459 scilicet
1000 3397 1083 3477 quid
1100 3399 1196 3458 istud

233 3519 443 3587 praeceptum
469 3506 629 3575 includat,
658 3507 823 3583 respondeo
840 3505 932 3584 quod
948 3503 1092 3565 includit
1107 3507 1190 3582 quic,

231 3615 318 3690 quid,
345 3616 405 3679 cui,
433 3613 558 3690 qnando
581 3621 615 3673 ct
630 3615 768 3690 qualiter
783 3612 884 3672 debet
899 3609 1062 3671 confiteri.
1080 3610 1197 3672 Debet
