2600 4200
348 210 537 271 D1sr1ncr.
562 208 654 271 XIV
680 208 830 289 Quffis'r.
855 210 907 271 ΙΙΙ
1026 231 1084 289 193

147 388 282 450 solvere
306 390 430 450 noxios
453 398 575 469 putant
598 406 675 449 curn
701 388 792 468 apud
815 386 926 449 Deum
951 408 1019 450 non
1036 408 1110 449 sen·

148 496 256 557 tentia
279 494 513 565 Sacerdotum,
539 494 599 556 sed
622 514 757 556 reorum
782 497 855 556 vita
870 504 1058 576 quaeratur;
1075 505 1110 557 et

147 602 260 683 hujus,
286 604 397 683 inquit
419 602 655 682 probationem
688 602 848 671 subdens,
885 603 919 663 in
955 600 1109 663 Levitico

149 728 186 770 se
210 710 390 771 ostendere
413 707 657 771 Sacerdotibus
677 708 846 789 jubentur,
863 708 990 788 leprosi
1022 727 1109 789 quos

146 812 201 877 iili
227 835 294 877 non
307 816 442 892 faciunt
462 815 617 896 leprosos
641 834 703 876 nec
727 797 961 884 mund0s‚'sed
977 824 1108 877 tantum

149 923 361 994 discemunt;
387 924 503 1004 igitur.
529 960 570 967 —
596 921 666 985 Sed
690 922 776 985 illud
799 923 935 984 videtur
951 922 1034 986 mihi
1051 924 1110 984 mi-

147 1032 214 1091 mis
237 1030 404 1111 derogare
420 1027 641 1091 Sacramento
654 1029 884 1099 Poenitentiae,
898 1048 976 1091 nam
993 1048 1111 1091 secun·

147 1137 228 1197 dum
253 1136 318 1197 hoc
342 1154 516 1215 nunquam
540 1135 673 1197 deletur
695 1154 757 1215 per
768 1147 1017 1197 sacramentum
1035 1136 1111 1197 Poe-

148 1244 303 1304 nitentiae
326 1251 513 1324 peccatum.
539 1242 585 1303 Et
607 1228 807 1323 sequeretur
830 1243 974 1305 ulterius
997 1245 1111 1304 incon-

147 1351 291 1411 veniens
314 1350 406 1429 quod
430 1359 678 1411 sacramentum
704 1348 923 1411 Poenitentiae
936 1368 1108 1430 nunquam

147 1466 239 1517 esset
263 1455 413 1517 secunda
435 1456 553 1517 tabula
575 1465 655 1536 post
679 1453 906 1537 naufragium,
931 1458 1012 1536 quia
1028 1476 1110 1518 nun·

148 1582 252 1642 quam
286 1562 447 1625 liberaret
480 1561 686 1644 naufragum
722 1582 742 1624 a
775 1563 927 1643 periculo
961 1563 1111 1625 submer-

151 1670 268 1730 sionis.

237 1776 325 1837 Dico
349 1795 433 1858 ergo
457 1777 550 1856 quod
573 1776 621 1837 ita
643 1778 786 1857 requirit
810 1776 905 1838 Deus
918 1778 1110 1857 dispositio

149 1902 226 1944 nem
250 1884 293 1943 de
316 1901 470 1964 congruo
505 1883 548 1943 ad
583 1882 647 1943 hoc
682 1893 719 1944 ut
752 1885 922 1963 peccatori
958 1881 1110 1945 conferat

148 1991 306 2070 gratiam,
331 1990 452 2051 ethoc
476 1999 605 2053 utnon
631 1989 751 2070 alliget
789 1992 976 2070 potentiam
1012 2009 1109 2052 suam

147 2098 380 2181 sacramentis,
404 2107 443 2158 ut
466 2108 579 2159 tamen
604 2098 679 2159 sine
702 2095 927 2177 dispositione
951 2096 1011 2158 illa
1026 2117 1111 2178 prae-

148 2205 206 2265 via
228 2212 262 2264 et
285 2223 440 2285 congrua
462 2223 541 2284 quaa
565 2201 744 2274 sufficeret,
762 2201 915 2264 conferat
926 2223 988 2284 per
1003 2223 1111 2266 sacra·

147 2321 300 2372 mentum
325 2311 487 2391 gratiam;
512 2321 546 2373 et
562 2310 626 2371 hoc
643 2319 696 2372 est
712 2310 851 2390 majoris
867 2311 1110 2374 misericordiae

147 2419 239 2478 viam
264 2417 434 2497 duplicem
462 2417 641 2478 instituere
675 2435 736 2497 per
770 2435 872 2498 quam
904 2415 1115 2497 justificetur,

146 2533 305 2604 peccator
328 2542 431 2604 quam
455 2525 567 2604 ipsum
593 2523 636 2584 ad
660 2543 761 2586 unam
786 2525 878 2584 viam
903 2533 1041 2584 arctare.
1060 2521 1111 2585 Si·

147 2640 205 2692 cut
228 2649 313 2712 ergo
337 2630 475 2692 adultus
498 2649 566 2692 non
590 2640 705 2710 potest
737 2630 863 2692 habere
894 2629 1021 2712 duplici
1053 2632 1110 2691 via

148 2740 295 2819 gratiam
319 2737 489 2800 delentem
513 2737 682 2819 originale
706 2747 895 2818 peccatum,
919 2738 1049 2798 scilicet
1065 2757 1110 2799 ex

145 2845 238 2906 bono
261 2854 355 2906 motu
380 2845 583 2925 disponente
607 2845 649 2904 ad
675 2843 767 2906 illam
791 2845 833 2905 de
845 2863 999 2926 congruo
1015 2852 1049 2906 et
1065 2863 1110 2906 ex

146 2953 365 3031 susceptione
389 2951 569 3030 Baptismi,
594 2951 643 3012 ita
666 2952 700 3011 in
724 2952 911 3030 proposito.

236 3056 295 3118 Ad
320 3057 404 3118 illud
436 3076 518 3118 vero
552 3056 757 3138 Hieronymi
793 3057 984 3137 respondeo
1018 3057 1110 3137 quod

146 3163 207 3224 illa
230 3163 423 3242 affirmativa
446 3172 499 3225 est
522 3183 613 3232 vera,
638 3164 732 3244 quod
755 3165 844 3225 sicut
868 3161 1035 3224 Sacerdos
1067 3163 1111 3224 le-

146 3270 239 3352 galis
263 3270 465 3332 ostendebat
487 3270 642 3350 leprosos
666 3271 858 3338 mundatos,
877 3271 925 3331 sic
943 3267 1110 3331 Sacerdos

146 3378 370 3458 evangelicus
393 3378 543 3439 ostendit
570 3386 767 3457 peccatores
798 3375 1016 3458 justificatos;
1049 3378 1110 3438 sed

147 3487 302 3562 raegaliva,
331 3485 461 3546 scilicet
484 3485 576 3565 quod
601 3482 771 3546 Sacerdos
794 3483 1017 3564 evangelicus
1041 3503 1109 3545 non

146 3590 246 3652 aliter
271 3610 307 3652 se
331 3591 434 3652 habet
457 3592 500 3652 ad
524 3591 679 3671 leprosos
696 3591 920 3671 spiritualiter
942 3609 1044 3670 quam
1061 3610 1111 3652 sa·
