2600 4200
210 179 288 270 3οὸΙ
436 175 511 238 Lm.
537 175 589 236 IV
614 173 920 238 Semi-:urnam

184 353 239 415 De
262 355 371 434 prima
395 364 489 434 patet
523 373 583 436 per
607 353 856 434 Philosophum
890 374 920 414 2.
955 354 1057 414 Ethic.
1095 354 1152 415 De

184 460 334 522 secunda
357 471 451 541 patet
474 479 536 541 per
559 461 769 541 Apostolum
785 480 812 522 r.
825 461 870 520 ad
888 461 957 521 cor.
975 460 1029 522 De
1045 463 1151 522 tertia

184 577 278 648 patet
301 585 362 646 per
385 567 633 649 Philosophum
662 571 697 627 in
724 570 830 645 princ.
866 587 895 645 7.
931 568 1048 636 Ethic„
1089 569 1148 629 ubi

185 673 309 734 dicitur
331 674 424 754 quod
447 675 512 736 tria
535 683 618 736 sunt
639 671 814 756 fugienda,
840 674 971 735 scilicet
1003 674 1147 742 malitia,

184 781 432 842 incontinentia
454 790 488 842 et
517 780 718 850 bestialitas,
754 791 789 842 et
822 781 888 841 tria
920 790 1001 842 sunt
1033 799 1151 861 prose·

184 886 320 966 quenda
343 887 474 948 scilicet
496 889 607 950 virtus
630 887 771 949 moralis
787 906 866 967 quae
883 889 1069 968 opponitur
1080 907 1151 947 ma·

184 993 279 1064 litiae,
304 1003 338 1054 et
354 995 564 1056 continentia
579 1013 659 1075 quae
676 995 861 1074 opponitur
876 993 1145 1062 incontinentia.

184 1108 219 1160 et
242 1101 352 1162 virtus
375 1099 512 1162 heroica
528 1120 605 1181 quae
619 1101 805 1181 opponitur
819 1100 1030 1162 bestialitati.
1048 1099 1147 1161 Tunc

183 1206 228 1267 ad
251 1207 475 1286 propositum,
500 1226 576 1268 cum
601 1208 740 1269 dicitur:
765 1209 876 1268 virtus
899 1216 953 1268 est
975 1208 1041 1269 sub
1057 1226 1143 1286 prae·

184 1320 294 1394 cepte,
318 1314 515 1375 conceditur
538 1314 580 1375 de
604 1315 790 1375 virtutibus
813 1314 1001 1374 moralibus
1027 1323 1063 1374 et
1076 1332 1147 1374 car·

184 1418 365 1489 dinalibus,
379 1420 440 1481 sed
455 1429 602 1502 negatur
613 1421 656 1480 de
672 1420 858 1481 virtutibus
869 1419 1025 1481 heroicis.
1045 1419 1146 1481 Nunc

183 1535 297 1587 autem
321 1527 504 1607 virginitas
527 1528 668 1607 ponitur
690 1527 800 1588 virtus
823 1526 969 1588 heroica.

272 1633 328 1692 Ad
347 1633 524 1700 secundum,
552 1651 629 1694 cum
654 1632 799 1694 dicitur:
825 1633 920 1693 nulla
936 1634 1063 1694 virtute
1087 1651 1146 1712 po

183 1747 251 1799 test
275 1739 352 1818 quis
375 1739 464 1800 male
488 1741 548 1808 uti,
573 1739 734 1808 concedo,
759 1750 797 1801 ut
820 1741 880 1800 sic.
905 1737 951 1800 Et
985 1757 1063 1800 cum
1097 1739 1147 1799 di·

183 1847 291 1906 citur:
316 1846 472 1926 virgines
495 1845 601 1907 fatuae
624 1846 714 1908 male
738 1857 817 1908 sunt
841 1865 915 1908 usae
931 1847 1144 1927 virginitate,

183 1953 260 2013 dico
284 1952 377 2031 quod
401 1971 469 2013 non
493 1962 546 2013 est
570 1972 689 2014 verum
725 1954 928 2033 inquantum
960 1953 1146 2034 virginitas

183 2069 236 2121 est
260 2061 380 2129 virtus,
406 2059 466 2121 sed
489 2058 553 2121 hoc
578 2069 650 2121 erat
674 2078 719 2122 ex
744 2061 839 2122 vitiis
870 2060 1016 2122 adnexis
1040 2060 1146 2140 virgi·

184 2166 281 2227 nitati
307 2175 340 2226 et
364 2168 553 2248 integritati
578 2168 700 2227 carnis.

272 2273 328 2332 Ad
347 2276 483 2340 tertium,
499 2292 576 2333 cum
589 2272 734 2334 dicitur:
760 2274 871 2334 virtus
894 2292 963 2335 non
987 2272 1142 2352 perditur

184 2380 250 2441 nisi
275 2399 335 2459 per
357 2390 544 2458 peccatum.
569 2380 776 2441 conceditur.
802 2378 848 2440 Et
878 2398 955 2441 cum
987 2379 1144 2440 additur:

184 2488 369 2566 virginitas
402 2497 516 2566 potest
550 2486 645 2566 perdi
681 2488 756 2547 sinc
790 2496 941 2566 peccato,
969 2496 1044 2555 etc„
1068 2485 1145 2546 dico

184 2593 276 2671 quod
300 2593 342 2653 ab
366 2594 416 2653 eis
440 2602 553 2671 potest
589 2593 664 2654 tolli
700 2593 883 2673 integritas
916 2595 1029 2653 carnis
1064 2608 1142 2672 quae

183 2699 308 2760 dicitur
331 2709 481 2769 ornatus,
507 2699 568 2759 sed
591 2718 659 2760 non
684 2699 816 2760 tollitur
842 2700 1028 2789 virginitas
1063 2716 1143 2779 quae

185 2806 267 2867 dicit
290 2806 444 2866 habitum
470 2806 616 2866 virtutis.

273 3017 337 3081 De
359 3018 537 3081 sectando
553 3016 746 3081 Articulo
767 3016 958 3097 principali,
972 3017 1103 3077 scilicet
1114 3015 1144 3077 si

185 3125 396 3185 continentia
423 3124 605 3206 virginalis
632 3134 685 3185 est
719 3122 902 3204 perfectior
935 3124 1146 3184 continentia

184 3231 368 3313 conjugali,
394 3232 470 3292 dico
495 3234 582 3292 sicut
606 3233 735 3293 dictum
767 3240 829 3299 est,
854 3230 946 3311 quod
981 3232 1016 3290 in
1040 3230 1145 3311 uirgi-

185 3341 291 3399 nitate
314 3347 367 3399 est
390 3340 456 3399 tria
479 3338 704 3407 considerare,
730 3337 860 3399 scilicet
890 3334 1056 3406 habitum,
1080 3347 1146 3397 sta·

184 3453 257 3505 tum
292 3454 325 3505 et
360 3446 570 3525 integritatis
604 3445 761 3505 decorem
796 3446 870 3504 sive
904 3453 1071 3505 ornatum.
1104 3440 1141 3505 Si

185 3560 297 3611 autem
323 3552 501 3631 loquemur
535 3561 701 3630 quantum
726 3551 768 3611 ad
791 3550 930 3609 habitum
954 3550 1003 3610 sic
1028 3567 1065 3609 se
1088 3548 1146 3610 ha·
