2600 4200
452 755 770 864 Distinctio
808 753 910 863 VI.

410 1047 530 1123 Nune
561 1049 702 1123 autem
735 1046 955 1144 quilibet...

295 1221 387 1282 Circa
410 1223 501 1282 c'stam
527 1223 610 1282 Dici.
629 1227 658 1284 ό.
680 1242 787 1302 quaro
810 1227 946 1301 quatuor
967 1223 1161 1300 quoesmnes.

201 1327 339 1390 Primo:
372 1328 487 1388 Utrum
511 1329 545 1388 in
569 1329 730 1406 Baptismo
753 1329 959 1406 imprimatur
990 1328 1161 1389 character.

201 1431 375 1496 Secundo:
396 1433 511 1494 Utrum
522 1435 684 1496 character
693 1436 736 1494 sit
744 1434 860 1511 forma
870 1435 1018 1495 absoluta.
1032 1433 1160 1496 Tertio:

209 1542 324 1602 Utrum
336 1541 497 1602 character
508 1542 551 1601 sit
560 1540 677 1618 forma
688 1542 865 1619 respectiva.
879 1539 1025 1621 Quarto:
1045 1541 1162 1602 Utrum

201 1649 363 1708 character
384 1649 427 1708 sit
448 1649 481 1708 in
505 1649 637 1708 essentia
660 1648 777 1707 anima
799 1649 892 1707 utin
915 1647 1056 1725 subjecta.

562 1910 746 1992 Qumsuo
774 1910 801 1974 I.

321 2055 377 2116 Ad
390 2056 532 2133 primam
559 2053 769 2129 Quoestionem
791 2056 835 2116 sic
852 2055 1041 2134 proceditur.

293 2213 441 2276 Videtur
463 2215 554 2294 quod
579 2217 613 2275 in
638 2215 818 2296 Baptismo
845 2234 913 2276 non
948 2216 1163 2295 imprimatur

201 2320 386 2389 character,
411 2322 492 2403 quia
507 2322 708 2402 Baptismus
724 2322 875 2383 succedit
887 2320 1161 2393 circumcisione

202 2428 313 2489 sedin
332 2426 597 2489 Circumcisione
614 2448 682 2490 non
699 2428 958 2508 imprimebatur
972 2428 1160 2498 character;

201 2554 296 2616 ergo.
322 2534 469 2595 Prahatio
497 2536 638 2603 minoris,
667 2537 749 2615 quia
782 2534 957 2597 character
990 2536 1164 2596 circumci-

202 2643 310 2703 sionis
323 2638 443 2702 iuisset
456 2641 607 2722 ejusdem
620 2643 763 2702 rationis
774 2660 851 2702 cum
864 2641 1058 2702 charactere
1075 2640 1163 2721 Bap-

202 2748 306 2817 tismi‚
331 2757 365 2808 et
389 2749 417 2809 si
442 2750 663 2809 circumcisus
686 2746 807 2809 luisset
831 2758 909 2828 post
936 2745 1162 2809 circumcisio

202 2873 279 2917 nem
304 2854 506 2934 baptizatus,
531 2852 677 2916 fuissent
701 2856 736 2915 in
761 2853 821 2915 illo
845 2854 913 2915 duo
937 2853 1160 2923 characteres,

201 2971 237 3023 et
259 2980 321 3042 per
336 2980 550 3040 consequens
567 2962 635 3022 duo
653 2961 840 3022 accidentia
856 2960 1007 3040 ejusdem
1024 2962 1160 3041 speciei,

201 3068 295 3149 quod
328 3077 381 3129 est
412 3069 657 3129 inconveniens
691 3076 726 3128 et
759 3076 878 3128 contra
911 3065 1160 3147 Philosophum

197 3194 231 3251 5.
258 3174 396 3251 clletaph.

296 3282 419 3341 Contra.
461 3278 719 3342 Sacramentum
759 3300 827 3341 non
866 3279 1021 3342 iterabile
1058 3279 1162 3341 habet

201 3388 349 3466 aliquem
368 3384 525 3449 effectum
543 3387 759 3448 indelebilem
774 3408 780 3459 ;
799 3387 859 3448 sed
876 3386 1076 3466 Baptismus
1093 3405 1161 3447 non

201 3504 255 3556 est
279 3494 456 3565 iterabile3
482 3514 567 3575 ergo
591 3494 692 3555 habet
717 3494 865 3574 aliquem
890 3490 1047 3555 effectum
1071 3493 1163 3554 inde

203 3601 349 3663 lebilem.
376 3599 446 3662 Sed
469 3601 600 3662 nullum
625 3599 783 3661 effectum
808 3600 1024 3662 indelebilem
1049 3600 1161 3667 habet,
