2600 4200
228 259 413 326 Disnmcn.
438 261 520 324 ΧΙΧ
542 269 575 324 et
598 261 665 324 XX
689 259 837 343 Qunsn,
862 263 890 324 11
986 275 1044 342 155

120 464 210 528 Scrm.
232 467 270 529 de
291 467 398 530 ramis
421 467 616 548 palmarum
647 465 840 548 dicitquod
864 467 1071 548 omnipoten-

119 572 156 633 tia
177 573 243 636 Filii
266 575 328 637 Dei
353 576 385 636 in
409 594 475 656 qua
498 574 633 655 aequalis
657 582 706 638 est
722 573 809 636 Patri
823 574 980 655 potuisset
993 573 1068 636 libe-

122 699 179 741 rare
199 702 300 762 genus
322 681 508 743 humanum
531 681 604 742 solo
627 680 769 762 imperio
793 681 968 742 voluntatis
992 701 1070 742 suae.

121 785 189 850 ltem
211 786 386 870 Gregorius
408 806 439 850 a.
464 787 663 850 Moralium:
676 787 733 869 qui
758 807 817 849 nos
841 785 917 848 fecit
929 787 1069 850 existere

122 893 155 954 de
173 893 275 967 nihilo,
299 915 451 958 revocare
466 895 564 958 etiam
576 893 645 956 sine
670 902 775 956 morte
787 903 820 954 et
843 893 993 975 passione
1010 914 1070 955 sua

122 999 220 1078 potuit.
244 1001 326 1063 Item
362 1001 499 1082 ipsemet
533 1000 715 1063 Anselmus
751 999 806 1064 lib.
831 1018 861 1062 2.
892 997 961 1062 Cur
982 1000 1073 1064 Deus

123 1103 201 1168 homo
220 1108 382 1189 approbat
406 1107 531 1169 dictum
555 1107 703 1188 discipuli
728 1107 777 1170 sui
802 1106 938 1168 dicentis
962 1105 997 1168 in
1015 1107 1069 1172 lib.

120 1231 145 1272 2.
169 1211 230 1277 Cur
252 1215 342 1276 Deus
363 1213 460 1276 horno
482 1214 572 1295 quod
598 1213 733 1276 minima
751 1213 840 1275 laesio
856 1213 940 1275 illius
969 1213 1073 1275 homi·

121 1318 235 1382 nisfuit
265 1322 369 1402 major
393 1341 494 1402 quam
529 1329 665 1402 peccata
689 1321 841 1382 omnium
878 1319 1073 1394 hominum;

118 1444 185 1507 ergo
206 1448 268 1490 non
303 1427 450 1508 oportuit
473 1427 581 1508 ipsum
618 1428 700 1489 mori
725 1435 859 1509 propter
884 1435 1067 1508 peccatum,

119 1533 184 1611 quia
204 1535 380 1597 sufficiebat
403 1534 539 1596 minima
570 1534 661 1597 laesio
685 1533 805 1598 Christi
829 1534 872 1596 ad
910 1534 1072 1596 redimen-

122 1638 200 1700 dum.

175 1748 244 1809 Ideo
265 1748 392 1811 dicitur
412 1747 512 1810 aliter
533 1748 575 1810 ad
598 1747 818 1830 quaestionem
844 1747 935 1828 quod
962 1768 1069 1809 neces-

119 1851 184 1915 sitm
203 1865 249 1917 est
271 1856 407 1936 duplex,
432 1854 553 1916 scilicet
575 1855 726 1916 absoluta
750 1862 784 1916 et
798 1853 956 1916 ordinata.
982 1853 1015 1917 Si
1029 1856 1071 1916 lo·

119 1979 243 2039 quamur
265 1963 307 2024 de
331 1961 516 2024 necessitate
537 1959 686 2024 absoluta
710 1960 755 2023 sic
779 1981 846 2023 non
882 1960 940 2022 fuit
965 1981 1074 2023 neces·

119 2066 223 2129 sarium
249 2089 353 2151 genus
366 2068 550 2131 humanum
574 2067 688 2131 redimi
701 2088 758 2149 per
784 2067 968 2151 passionem
984 2067 1074 2132 Chri-

119 2173 161 2245 sti,
183 2175 260 2237 sicut
283 2176 391 2257 patuit
414 2196 471 2259 per
494 2175 580 2238 dicta
605 2174 804 2238 Sanctorum
822 2175 1009 2237 immediate
1032 2176 1072 2237 al-

120 2278 277 2361 legata.'Si
300 2291 414 2345 autern
438 2284 613 2363 loquamur
636 2283 678 2343 de
702 2281 888 2343 necessitate
903 2282 1073 2344 ordinata,

116 2394 144 2447 et
162 2398 262 2468 potest
285 2390 348 2451 dici
361 2389 533 2451 necessitas
555 2388 800 2470 consequentiae
818 2408 857 2449 eo
884 2390 975 2469 quod
994 2396 1074 2470 prae‘

117 2496 256 2575 supponit
277 2496 516 2557 ordinationem
541 2494 696 2568 divinam,
709 2504 742 2557 et
766 2494 810 2557 sic
834 2494 897 2557 fuir
926 2516 1074 2557 neccssa-

118 2598 189 2661 rium
211 2623 312 2683 genus
337 2601 520 2664 humanum
545 2602 660 2664 redimi
685 2623 742 2683 per
766 2600 956 2683 passionem
980 2602 1074 2665 Chri-

115 2704 157 2779 sti,
178 2718 208 2770 et
229 2709 289 2771 isto
313 2709 416 2771 modo
440 2716 578 2790 possunt
602 2708 725 2790 exponi
750 2708 837 2770 dicta
863 2708 1015 2770 Anselmi
1042 2709 1072 2771 in

116 2823 240 2892 quatuor
261 2816 525 2878 conclusionibus
552 2833 578 2878 1.
604 2815 757 2878 Articuli.

170 3028 225 3090 Ao
260 3042 405 3092 numum
432 3042 650 3091 ancrpnnn
675 3028 749 3090 dico
765 3030 862 3110 quod
890 3030 914 3089 si
941 3050 1077 3109 ponere*

115 3139 260 3198 turonus
283 3137 436 3218 Angelus
459 3136 491 3196 in
508 3157 573 3197 una
596 3135 857 3217 specietantum‚
882 3137 1011 3198 difficile
1028 3158 1076 3197 os·

114 3248 155 3301 set
175 3244 365 3325 respondere
374 3263 382 3319 ;
407 3243 466 3305 sed
477 3243 632 3324 ponendo
659 3243 750 3324 quod
777 3242 808 3303 in
825 3245 941 3304 eadem
966 3244 1073 3324 specie

116 3356 182 3407 sunt
202 3350 307 3430 plures
329 3349 453 3432 Angeli
475 3350 546 3411 solo
574 3370 715 3411 numero
750 3349 946 3429 differentes,
985 3359 1075 3430 patet

117 3455 196 3530 quod
218 3476 280 3519 non
303 3466 351 3519 est
374 3456 479 3519 simile
502 3457 543 3518 de
560 3455 694 3537 Angelo
719 3464 751 3517 et
776 3455 817 3517 de
841 3455 985 3529 homine,
999 3456 1075 3537 quia

117 3575 166 3635 per
186 3572 351 3641 peccatum
376 3562 472 3646 primi
506 3562 648 3625 hominis
671 3571 744 3625 tota
781 3562 904 3644 species
930 3560 1077 3623 humana
