2600 4200
233 217 296 290 340
448 211 523 274 Lm.
550 211 601 275 IV
626 211 931 275 Srnrrnrmnuu

208 391 281 452 tiva
319 400 371 452 est
411 391 701 472 incorruptibilis;
741 411 826 472 ergo
865 389 974 452 forma
1013 392 1185 472 specifica

208 498 359 559 hominis
393 509 445 558 est
481 497 761 577 incorruptibilis.
787 497 856 560 Sed
879 496 990 559 forma
1012 498 1183 578 specifica

209 603 359 666 hominis
383 605 655 685 incorruptibilis
679 624 746 666 non
781 603 970 666 remanebit
1003 616 1182 685 perpetuo

207 721 307 772 extra
329 730 473 790 corpus;
499 729 583 792 ergo
608 712 791 791 aliquando
814 710 940 772 redibit
962 713 1006 772 ad
1032 731 1175 792 corpus.

208 815 279 878 Sed
294 819 361 878 ista
377 820 498 879 iterata
514 819 660 880 redditio
676 828 819 880 vocatur
835 819 1037 879 resurrectio
1051 841 1059 890 ;
1071 837 1179 900 ergo

207 927 490 986 resurrectionem
515 926 711 1006 generalem
732 925 909 986 hominum
925 944 1001 985 esse
1017 923 1173 987 futuram

207 1040 261 1093 est
285 1041 403 1092 notum
428 1051 488 1110 per
511 1033 677 1094 rationem
701 1032 905 1093 naturalem
919 1051 939 1091 a
961 1033 1078 1111 priori.

297 1137 465 1206 Secundo,
502 1139 584 1199 dicit
618 1140 685 1200 ista
719 1138 836 1218 opinio
871 1140 964 1218 quod
1001 1140 1175 1219 quaelibet

207 1246 348 1306 istarum
374 1247 476 1306 trium
503 1247 776 1326 propositionum
793 1246 1033 1325 principalium
1051 1248 1096 1308 sit
1115 1263 1176 1307 ua·

206 1352 362 1412 turaliter
386 1362 475 1412 nota.
501 1351 614 1411 Prima
642 1353 712 1412 sic:
738 1349 902 1432 Operatio
936 1354 1078 1432 propria
1112 1354 1174 1414 ho-

206 1458 310 1518 minis
334 1467 386 1518 est
411 1477 431 1516 a
454 1455 563 1517 forma
592 1456 751 1538 specifica
766 1459 928 1529 hominis';
954 1459 1015 1518 sed
1031 1461 1173 1539 propria

207 1565 361 1643 operatio
378 1564 527 1625 hominis
543 1574 596 1625 est
613 1565 819 1645 intelligere3
845 1585 929 1645 ergo
955 1575 1008 1625 est
1024 1585 1046 1626 a
1060 1563 1174 1627 forma

207 1668 366 1748 specifica
389 1671 548 1731 hominis
574 1668 643 1732 Sed
667 1670 759 1731 istud
783 1681 835 1731 est
859 1671 901 1731 ab
925 1673 1041 1731 anima
1074 1673 1174 1733 intel·

205 1776 351 1848 lectiva3
377 1797 461 1858 ergo
486 1779 600 1838 anima
623 1777 834 1838 intellectiva
855 1789 908 1838 est
931 1774 1042 1838 forma
1064 1781 1174 1858 speci·

208 1881 272 1944 lica
295 1883 453 1944 hominis.

297 1991 438 2050 Secundo
457 1993 638 2067 propositio,
667 1990 797 2051 scilicet
821 1991 913 2070 quod
936 1993 1050 2052 anima
1074 1992 1175 2052 intel·

207 2096 333 2157 lectiva
355 2106 408 2158 est
434 2097 712 2177 incorruptibilis,
738 2098 783 2159 sit
811 2097 1012 2159 naturaliter
1036 2108 1171 2169 notum,

205 2206 370 2283 probatur
394 2206 462 2265 sic:
490 2203 592 2283 Quod
615 2206 844 2285 corrumpitur
864 2214 923 2265 aut
938 2208 1172 2286 corrumpitur

205 2312 497 2389 percontrarium
522 2319 581 2371 aut
604 2329 666 2391 per
689 2309 859 2372 defectum
884 2310 1028 2390 alicujus
1051 2331 1171 2374 neces·

206 2418 297 2477 sario
321 2418 475 2495 requisiti
501 2417 544 2478 ad
567 2418 641 2497 ejus
665 2436 761 2488 esse;
787 2418 848 2478 sed
876 2418 991 2477 anima
1018 2417 1174 2479 intellec·

207 2524 279 2583 tiva
303 2543 370 2584 non
394 2524 497 2584 habet
520 2525 738 2591 contrarium,
764 2543 826 2585 nec
850 2542 926 2585 esse
942 2525 1097 2603 corporis
1113 2533 1168 2585 est

207 2629 408 2711 simpliciter
432 2631 660 2690 necessarium
685 2629 727 2691 ad
751 2631 826 2710 ejus
848 2648 935 2699 esse,
959 2631 1042 2710 quia
1064 2630 1170 2692 habet

206 2755 282 2796 esse
314 2738 510 2815 proprium;
546 2755 640 2817 argu,
666 2747 728 2798 etc.
755 2772 796 2781 -
821 2736 989 2804 Proeterea,
1018 2736 1169 2816 simplex

207 2862 274 2904 non
299 2852 412 2924 potest
436 2845 585 2922 separari
610 2863 630 2903 a
653 2845 778 2922 seipse,
802 2854 836 2904 et
859 2862 920 2923 per
952 2862 1172 2923 consequens

206 2947 299 3028 quod
322 2951 436 3010 anima
460 2950 671 3011 intellectiva
697 2951 742 3011 sit
758 2949 1027 3029 incorruptibilis
1043 2960 1096 3011 est
1112 2970 1172 3012 na·

207 3055 362 3115 turaliter
386 3066 514 3117 notum.

302 3164 408 3223 Tertia
426 3165 608 3241 propositio,
638 3163 768 3224 scilicet
792 3163 883 3242 quod
917 3160 1027 3225 forma
1060 3164 1170 3242 speci·

206 3268 271 3331 fica
294 3270 424 3331 scilicet
448 3272 570 3339 anima,
596 3289 664 3330 non
699 3272 763 3330 erit
797 3278 963 3350 perpetuo
998 3280 1168 3351 separata,

206 3377 370 3457 probatur
393 3378 463 3437 sic:
489 3375 574 3438 Pars
598 3386 697 3437 extra
720 3384 830 3437 totum
857 3387 910 3437 est
945 3374 1166 3456 imperfecta;

205 3484 267 3545 sed
289 3481 399 3544 forma
422 3494 491 3544 tarn
517 3484 641 3545 nobilis
666 3484 755 3544 sicut
782 3492 836 3545 est
870 3484 983 3543 anima
1015 3482 1171 3544 intellec·

205 3591 278 3650 tiva
313 3609 381 3651 non
417 3592 605 3652 remanebit
635 3600 801 3671 perpetuo
835 3587 1052 3669 imperfecta;
1077 3608 1169 3671 ergo
