2600 4200
327 156 516 217 Dlsrntcr.
542 156 708 217 XXVIII
734 156 884 237 QnAEs'r.
908 158 942 219 Π
1046 180 1107 239 ²79

170 346 224 396 est
247 336 464 396 consentiens
487 336 611 399 animo,
629 347 663 396 et
679 346 796 415 peccat
813 337 1002 398 mortaliter
1013 348 1136 399 contra¹

171 453 304 513 votum;
341 452 490 503 autnon
515 444 742 511 consentiens,
768 453 801 503 et
835 454 953 523 peccat
983 446 1134 506 mortaii-

171 563 223 611 tcr
245 549 441 611 mentiendo
457 551 656 628 perniciose.
675 550 778 609 Aliud
790 552 989 627 exemplum:
1006 553 1034 611 si
1052 554 1133 631 quis

172 658 370 718 violentiam
394 655 542 717 inferens
566 657 621 717 isti
647 666 685 717 ut
716 658 861 736 accipiet
892 658 995 727 iliam,
1028 660 1131 719 etiam

170 783 231 844 per
254 764 453 824 violentiam
478 764 634 845 exigeret
658 764 701 824 ab
726 784 766 824 eo
791 764 858 825 tale
886 765 1129 844 juramentum:

164 874 249 951 Jura
273 872 316 929 ad
336 877 441 929 sancia
470 872 537 930 Dei
557 872 734 947 Evangelia
758 872 842 948 quod
861 874 929 931 sine
952 879 1034 931 melu
1064 894 1133 931 con-

170 981 266 1038 sentis
290 981 323 1037 in
347 980 445 1044 illam,
474 978 552 1038 talis
577 978 671 1038 nullo
695 980 795 1038 modo
820 978 920 1039 debet
943 998 987 1039 ex
1015 980 1134 1059 aliquo

171 1097 263 1147 metu
287 1087 329 1145 ad
354 1085 446 1145 istud
458 1086 688 1164 juramentum
713 1085 837 1155 induci,
851 1086 932 1165 quin
948 1096 1000 1146 est
1016 1105 1132 1166 pecca-

171 1205 243 1255 tum
270 1192 412 1252 mortale
426 1191 570 1271 jurando
593 1192 809 1252 mendaciter.
836 1192 948 1273 Igitur
971 1214 990 1253 a
1014 1194 1129 1263 simili,

171 1300 265 1361 nullo
282 1312 373 1359 metu
391 1309 504 1378 potest
527 1298 584 1358 illc
597 1299 709 1358 induci
725 1300 767 1358 ad
779 1301 1014 1377 accipiendum
1029 1301 1130 1360 istam

171 1408 276 1467 verbo
300 1406 462 1472 exterius,
487 1406 552 1465 nisi
577 1406 627 1464 sic
643 1406 796 1483 accipere
820 1406 865 1466 sit
889 1406 1035 1475 licitum;
1061 1425 1130 1466 non

171 1523 223 1574 est
253 1523 367 1573 autem
391 1512 521 1571 licitum
547 1512 611 1571 nisi
636 1521 675 1572 ut
699 1512 919 1593 conjungitur
942 1532 1132 1573 consensus

171 1621 320 1681 exterior
343 1619 522 1679 consensui
548 1620 709 1678 interiori.

199 1721 207 1732 “
260 1726 324 1786 Sed
343 1726 510 1784 secundum
533 1726 648 1784 diclum
673 1734 791 1804 posset
816 1726 951 1787 tolerari
976 1727 1038 1787 sic:
1069 1725 1135 1787 Ec·

170 1834 274 1896 clesia
298 1851 432 1911 semper
454 1833 632 1909 praesumit
656 1850 717 1910 pro
741 1831 871 1891 meliori
898 1842 1002 1911 perte,
1020 1842 1058 1893 ut
1074 1851 1132 1911 pa·

170 1950 219 2001 tet
242 1941 359 1999 Extra.
396 1939 447 1997 De
481 1939 600 2014 regulis
627 1940 726 2014 juris,
767 1938 870 1997 Estote
904 1940 1133 1999 misericordes..

169 2053 234 2125 cap.
260 2067 309 2107 2..·
333 2065 411 2125 quae
436 2046 538 2105 dubia
562 2055 643 2106 sunt
666 2063 734 2124 quo
758 2046 871 2106 animo
894 2044 986 2114 fiant.
1013 2054 1049 2106 ut
1081 2046 1128 2107 ibi

171 2157 303 2223 dicitur,
329 2155 362 2213 in
387 2153 560 2212 meliorem
593 2161 723 2231 partem
758 2153 1025 2232 interpretemur.
1059 2151 1129 2214 Sed
1160 2162 1163 2166 ’

171 2263 204 2322 in
229 2279 396 2321 consensu
420 2270 538 2320 coacto
561 2260 702 2320 dubium
727 2269 778 2319 est
803 2260 837 2320 in
860 2261 1035 2339 proposito
1060 2279 1129 2340 quo

170 2369 284 2428 animo
306 2365 375 2434 fiat,
401 2367 508 2447 igitur
532 2367 566 2426 in
590 2365 773 2426 meliorent
802 2376 932 2444 partem
967 2368 1134 2445 interpre-

170 2476 233 2535 tari
258 2475 367 2534 debet.
393 2472 462 2534 Sed
486 2473 550 2533 iste
574 2483 627 2533 est
642 2491 830 2533 consensus
843 2474 983 2534 interior
998 2475 1128 2554 absque

169 2590 276 2650 metm
302 2559 408 2661 igitur
439 2579 593 2640 Ecclesia
626 2581 676 2640 sic
710 2581 897 2658 praesumit.
933 2579 992 2640 Ad
1027 2581 1128 2642 istam

169 2689 277 2769 igitur
301 2686 536 2766 Quaestionem
561 2696 641 2748 sunt
661 2687 728 2746 duo
752 2686 908 2746 videnda.
927 2688 1037 2746 Primo
1048 2706 1129 2766 qua-

170 2796 247 2855 liter
269 2805 383 2873 potest
406 2813 482 2854 esse
504 2812 692 2854 consensus
726 2803 873 2854 coactus.
910 2795 1057 2863 Secundo,
1097 2796 1125 2856 si

169 2902 227 2962 ille
251 2899 396 2962 sufficiat
419 2902 462 2961 ad
496 2909 707 2961 contractum
731 2901 947 2960 matrimonii.

258 3114 321 3176 Dc
338 3114 484 3202 primo
507 3113 583 3173 dico
599 3124 668 3173 tres
685 3113 945 3192 propositiones
960 3149 1000 3156 -
1014 3113 1127 3174 Prima

169 3222 261 3301 quod
292 3222 453 3282 voluntas
486 3239 553 3280 non
587 3229 703 3300 potest
737 3219 937 3298 simpliciter
970 3221 1048 3300 cogi
1084 3220 1127 3280 ad

168 3338 281 3389 actum
304 3328 458 3399 volendi;
494 3328 574 3407 quia
597 3346 674 3388 cum
710 3327 900 3387 violentum
936 3328 990 3394 sit,
1023 3347 1066 3386 ex
1092 3346 1125 3402 3.

168 3437 280 3504 Ethz'c„
309 3435 405 3513 cujus
429 3434 634 3514 principium
659 3443 711 3494 est
734 3433 776 3493 ab
801 3443 899 3496 extra
923 3453 989 3494 non
1018 3431 1153 3508 conse,

168 3551 263 3603 rente
285 3543 355 3601 vim
379 3560 496 3621 passo3
521 3551 556 3602 et
577 3541 643 3602 hoc
666 3540 839 3619 accipitur,
864 3541 957 3620 quod
972 3549 1130 3602 coactum
