2600 4200
245 272 284 336 32
516 254 591 316 Lus.
616 255 662 316 111
686 253 981 318 Sanssnrinnun

221 468 331 522 catum
356 458 520 541 originale,
546 459 602 521 sed
627 459 690 520 hoc
703 465 792 540 patet
805 457 860 520 lib.
872 477 903 520 2.
927 457 1003 519 dist.
1013 475 1047 535 J.
1072 477 1185 539 quaere

222 567 276 630 ibi.
299 601 344 614 -
368 566 548 628 Insistendo
579 565 678 648 igitur
701 565 786 627 circa
815 565 1031 646 quaestionem
1067 583 1184 645 propo

222 673 329 748 sitam,
353 681 429 735 sunt
452 673 493 734 de
516 692 553 734 ea
578 671 845 754 duaeopiniones.

296 886 394 953 Una
418 886 530 952 nteit
560 885 650 968 quod
675 885 789 948 habuit
823 894 994 967 peccatum
1029 884 1187 967 originale

221 994 311 1075 quod
336 993 492 1076 probatur
508 992 563 1055 sic.
587 993 704 1056 Primo
716 993 979 1080 auctoritatibus;
1005 992 1082 1054 dicit
1097 991 1183 1053 enim

223 1100 431 1182 Augustinus
454 1099 493 1162 de
508 1099 580 1184 fide
604 1099 652 1162 ad
672 1100 823 1163 Petrum:
842 1099 1042 1162 Firmissime
1054 1109 1128 1161 tene
1150 1109 1184 1160 et

223 1207 406 1269 nullatenus
430 1207 559 1270 dubites
582 1225 717 1269 omnem
733 1207 789 1287 qui
813 1227 870 1288 per
894 1205 1107 1268 concubitum
1121 1225 1186 1265 ma·

224 1309 265 1379 rls
287 1322 320 1376 et
343 1312 484 1376 lemimae
498 1314 649 1387 nascitur,
674 1334 751 1376 cum
763 1312 911 1395 originali
928 1322 1063 1395 peccato
1087 1311 1184 1374 nasci.

224 1412 509 1489 ltem'Anselmus
533 1420 568 1482 in
593 1420 648 1484 lib.
673 1441 735 1482 cnr
755 1420 846 1481 Dens
868 1419 971 1493 horno,
996 1419 1101 1502 Virgo
1118 1420 1187 1502 ipsa

224 1527 255 1589 in
279 1527 503 1608 iniquitatibus
527 1537 687 1608 concepta
709 1535 803 1588 estet
826 1527 857 1588 in
875 1527 1015 1608 peccatis
1038 1528 1186 1610 concepit

223 1654 295 1696 eam
321 1642 423 1726 mater
446 1654 514 1698 sua.
538 1634 620 1696 Item
644 1633 713 1696 Leo
738 1633 773 1694 in
796 1654 939 1695 sermone
950 1635 989 1696 de
1000 1635 1108 1696 Natio
1119 1635 1189 1696 'tate

224 1740 364 1803 Domini
385 1739 469 1802 sicut
490 1761 510 1801 a
534 1750 624 1802 reatu
661 1740 786 1801 nullum
824 1739 959 1802 liberum
995 1741 1113 1822 reperit
1143 1741 1188 1802 ita

224 1847 375 1909 curandis
399 1847 552 1909 omnibus
577 1846 675 1910 venit.
700 1847 781 1910 Item
810 1848 993 1909 Bernardus
1017 1848 1052 1909 in
1077 1847 1182 1928 Epist.

185 1933 187 1940 Ι
224 1954 272 2016 nd
293 1954 487 2036 Lngdnnen.
513 1954 692 2036 dicitquod
717 1953 831 2016 habuit
847 1963 1018 2036 peccatum
1031 1953 1188 2036 originale

224 2069 257 2122 et
281 2059 485 2142 reprehendit
508 2081 564 2122 eos
587 2060 628 2123 de
640 2059 856 2123 celebratione
878 2060 1100 2143 conceptionis
1116 2061 1190 2123 Vir.

223 2168 316 2249 ginis.
341 2168 422 2230 Item
446 2166 485 2229 de
506 2178 676 2229 consecrat.
701 2167 776 2229 dist.
787 2186 820 2246 3.
839 2168 874 2229 in
884 2168 997 2251 glossa
1012 2168 1185 2250 conceptio

226 2294 291 2335 non
316 2284 364 2337 est
388 2273 582 2337 celebranda
618 2274 695 2354 quia
719 2284 877 2355 concepta
906 2275 1010 2338 estin
1042 2274 1189 2357 originali

226 2389 370 2463 peccato.

292 2487 465 2561 Funerata,
490 2487 636 2569 arguitur
660 2508 720 2569 per
743 2488 886 2551 rationes
920 2508 1060 2570 quarum
1086 2490 1191 2570 prima

226 2602 275 2655 est
291 2594 446 2656 Bernardi
460 2593 495 2655 in
510 2590 616 2675 Epist.
630 2594 678 2657 nd
691 2594 940 2677 Lugdunenses:
957 2595 1061 2658 sinon
1077 2594 1192 2659 habuit

227 2709 398 2783 peccatum
423 2694 587 2783 origin'ale,
612 2710 670 2763 aut
681 2700 880 2763 sanctificata
892 2700 952 2763 fuit
964 2711 1040 2764 ante
1051 2720 1194 2785 concep-

227 2817 297 2869 tum
335 2816 393 2869 aut
422 2807 454 2868 in
478 2817 659 2889 conceptu3
684 2829 749 2869 non
784 2817 860 2870 ante
883 2817 1090 2890 conceptum,
1114 2809 1195 2890 quia

228 2915 376 2977 nondum
399 2922 477 2989 erat,
503 2934 561 2977 nec
604 2915 635 2976 in
660 2924 831 2997 conceptu,
866 2915 943 2996 quia
974 2915 1006 2977 in
1029 2925 1195 2998 conceptu

227 3020 287 3083 fuit
312 3020 420 3083 libid0.

297 3128 470 3193 Proeterea.
509 3126 657 3191 Christus
691 3137 740 3190 est
782 3128 968 3191 universalis
1006 3130 1197 3212 redemptor

228 3233 395 3307 omnium;
420 3234 476 3296 sed
499 3234 524 3296 si
549 3234 654 3316 Virgo
679 3235 774 3297 beata
808 3256 875 3298 non
906 3236 1072 3299 habuisset
1095 3237 1195 3319 origi-

230 3340 303 3403 nale
326 3349 508 3422 peccatum,
532 3350 611 3404 tunc
636 3362 701 3404 non
726 3343 916 3424 indiguisset
939 3344 1156 3425 redemptore.

296 3448 470 3521 Preterem
495 3446 520 3509 si
545 3468 610 3510 non
637 3448 753 3510 habuit
776 3450 932 3531 originale
955 3458 1127 3531 peccatum
1148 3450 1196 3531 ja·

229 3576 295 3617 nua
318 3554 392 3617 coeli
428 3562 497 3616 erat
520 3554 579 3616 sibi
616 3563 745 3636 aperta;
769 3576 849 3637 ergo
871 3556 896 3618 si
928 3555 1039 3620 fuisset
1063 3566 1196 3621 mortua

228 3670 304 3723 ante
328 3660 510 3742 passionem
535 3660 655 3724 Christi
678 3662 785 3723 ivisset
807 3664 850 3724 ad
872 3664 974 3726 vitam
1005 3673 1175 3727 aeternam.
