2600 4200
382 216 571 307 Disrmcr.
590 216 663 279 XV
688 215 839 297 QUAEST.
858 216 911 279 III
1042 210 1102 295 20⁸5

164 404 222 457 tus
245 396 460 457 sustentabat
483 395 618 476 aliquos
649 396 780 457 scilicet
814 406 944 475 patrem
980 395 1036 456 vel
1060 414 1128 456 ma·

164 512 251 563 trem
276 501 332 563 vel
355 504 579 583 propinquos,
608 510 744 563 tenetur
778 500 985 563 interficiens
1019 504 1143 563 omni-'

163 608 229 670 bus
252 606 323 669 illis
346 608 389 669 ad
413 617 542 670 tantam
566 610 818 670 restitutionem
854 617 1019 688 quantum
1055 608 1125 669 iilis

165 714 307 775 abstulit
330 712 673 795 perinterfectionem
686 716 800 776 occisi.
818 711 856 775 Si
874 724 987 776 autem
999 715 1128 775 damni·

163 819 281 883 iicavit
304 839 382 884 eum
400 823 435 882 in
451 822 567 903 aliquo
583 822 747 892 membro,
765 821 896 883 scilicet
912 820 1127 883 mutilatione

163 930 295 990 enormi
320 929 375 989 vel
399 948 467 989 non
491 930 632 1000 enormi,
657 930 883 991 communiter
900 948 967 989 non
984 937 1037 990 est
1060 946 1128 989 res-

164 1036 280 1096 titutio
304 1038 339 1096 in
361 1034 520 1097 Ecclesia
542 1044 680 1105 statuta,
705 1036 771 1097 nisi
792 1036 998 1117 pecuniaria,
1015 1043 1050 1096 et
1066 1034 1127 1095 ilia

163 1141 265 1203 debet
288 1143 553 1222 correspondere
576 1143 701 1204 damno
726 1162 793 1203 non
818 1141 928 1203 solum
962 1142 1053 1222 quod
1078 1142 1126 1202 in-

162 1249 269 1310 currit
292 1250 370 1328 quis
393 1268 455 1329 per
477 1249 738 1317 mutilationem,
764 1249 823 1311 sed
859 1251 961 1309 etiam
999 1250 1033 1309 in
1068 1266 1126 1309 ex·

163 1356 281 1434 pensis
304 1356 473 1435 appositis
496 1357 531 1417 in
555 1356 740 1417 curatione.
763 1436 766 1450 ,
1095 1364 1098 1372 “

252 1512 317 1576 De
338 1514 516 1577 uecuiuio
539 1512 746 1589 Articulo,
770 1514 846 1577 dico
869 1515 961 1595 quod
985 1514 1125 1595 triplici-

163 1631 214 1681 ter
237 1630 351 1700 potest
374 1622 453 1701 quis
475 1620 579 1682 alium
603 1619 778 1682 infamare.
810 1622 880 1681 Uno
895 1622 982 1681 modo
997 1618 1123 1683 falsum

162 1728 290 1787 crimen
314 1727 450 1807 publice
473 1728 689 1808 imponendo
715 1728 855 1789 Secundo
879 1729 974 1795 modo,
1003 1747 1123 1791 verum

162 1834 290 1895 crimen
324 1834 385 1895 sed
418 1835 588 1895 occultum
622 1854 689 1896 non
714 1844 851 1896 servato
881 1834 969 1914 juris
1004 1834 1124 1897 ordine

160 1939 298 2019 publice
320 1940 552 2021 proponendo.
586 1942 689 2001 Tertio
712 1942 808 2009 modo,
840 1960 959 2002 verum
994 1943 1123 2003 crimen

162 2046 223 2108 sed
245 2047 427 2117 occultum,
445 2048 480 2108 in
497 2047 634 2128 publico
650 2048 716 2110 sibi
733 2048 931 2128 impositum
950 2048 1120 2130 negando,

161 2155 243 2233 quia
276 2155 310 2215 in
346 2155 410 2215 hoc
446 2173 578 2235 negans
611 2164 707 2216 notat
742 2157 974 2235 imponentem
1005 2156 1048 2217 de
1071 2175 1123 2216 ca-

162 2261 300 2322 lumnia.

251 2367 289 2426 ln
306 2369 415 2446 primo
437 2389 510 2427 casu
534 2368 611 2430 dico
645 2367 738 2448 quod
772 2378 908 2448 oportet
941 2369 1122 2430 restituere

160 2471 285 2534 famam
310 2474 511 2554 simpliciter
533 2474 748 2537 retractando
774 2475 916 2536 verbum
952 2493 1062 2544 suum,
1087 2485 1122 2537 et

160 2580 253 2659 quod
276 2581 340 2642 sibi
365 2583 538 2660 imposuit,
563 2591 597 2642 et
619 2581 685 2643 hoc
709 2583 757 2642 ita
791 2583 824 2644 in
860 2581 998 2662 publico
1032 2583 1122 2643 sicut

160 2687 225 2748 sibi
250 2689 423 2767 imposuit,
448 2689 530 2770 quia
552 2688 638 2750 alias
665 2707 734 2750 non
768 2698 921 2749 servaret
951 2689 1119 2768 justitiam

160 2793 203 2854 de
224 2793 399 2855 reddendo
422 2795 581 2874 proximo
604 2795 696 2874 quod
721 2813 820 2856 suum
845 2804 907 2856 est.

249 2899 288 2960 ln
311 2901 441 2960 secundo
464 2902 540 2962 dico
564 2901 656 2981 quod
680 2921 748 2962 non
772 2909 908 2962 tenetur
938 2911 1120 2964 retractare

159 3006 302 3067 verbum
327 3025 426 3068 suum
439 3008 530 3087 quod
545 3010 726 3088 proposuit
741 3009 776 3068 in
793 3007 941 3087 publico,
959 3009 1040 3088 quia
1055 3009 1120 3070 hoc

158 3111 315 3174 faciendo
338 3115 539 3174 mentiretur
562 3116 590 3176 si
615 3113 700 3175 illud
724 3114 817 3194 quod
851 3117 1031 3194 proposuit
1054 3113 1119 3176 iuit

152 3238 289 3289 sverum,
314 3220 395 3299 quia
418 3239 486 3280 non
510 3230 644 3281 tenetur
667 3221 803 3282 mentiri
843 3231 982 3301 propter
1016 3223 1121 3301 quod-

158 3345 293 3406 cunque
315 3327 443 3386 bonum
468 3327 676 3388 reddendum
701 3327 809 3397 alteri,
823 3328 883 3389 sed
910 3337 1045 3389 tenetur
1061 3329 1119 3389 ali·

159 3452 229 3512 quo
251 3433 353 3494 modo
377 3433 472 3494 licito
495 3434 635 3495 reddere
660 3431 784 3496 famam
808 3453 870 3515 per
893 3435 976 3496 talia
988 3435 1118 3496 scilicet

159 3539 284 3600 verba:
309 3558 377 3599 non
401 3540 547 3601 credatis
570 3559 648 3601 eum
673 3542 776 3602 talem
792 3559 868 3602 esse
884 3541 1019 3622 qualem
1044 3525 1117 3602 dixi

96 3677 101 3684 ·
158 3646 259 3706 vobis
281 3665 358 3706 eum
383 3664 469 3707 esse.
