2600 4200
382 195 575 294 Disrmcrl
590 196 681 258 XIV
707 196 858 277 QUAEST.
879 197 894 259 Ι
1035 202 1092 278 187

156 394 219 454 per
242 376 391 455 aliquam
419 377 636 455 punitionem
672 394 739 437 non
775 376 907 437 deletur
940 386 1117 456 peccatum

157 482 247 542 sicut
281 482 315 543 in
346 483 525 561 punitione
559 482 818 554 damnatorum;
854 462 914 545 sed
948 484 1013 545 hoc
1048 502 1116 545 non

156 588 294 649 videtur
317 588 454 649 aliunde
485 589 552 649 nisi
586 590 668 668 quia
697 591 806 667 prima
841 590 1044 661 voluntaria,
1074 612 1118 649 sc-

155 696 257 754 cunda
292 702 404 756 autern
429 705 482 756 est
505 696 644 757 omnino
673 696 922 767 involuntaria;
955 715 1039 777 ergo
1074 698 1117 757 ad

156 799 361 862 deletionem
385 803 514 881 peccati
539 803 724 882 requiritur
754 804 888 883 punitio
913 803 1114 865 voluntaria.

246 907 312 967 Sed
342 909 482 968 diceres:
517 927 593 971 cum
629 910 763 988 punitio
798 911 843 971 sit
877 909 1056 995 triptabilis
1082 920 1117 971 et

156 1033 258 1075 omne
291 1012 389 1076 triste
423 1025 476 1076 est
514 1016 782 1077 involuntarium
821 1000 868 1075 en*¹
894 1036 926 1093 5.
963 1017 1111 1095 Metapa„

156 1123 328 1200 quomodo
352 1124 418 1183 ista
440 1123 574 1203 punitio
598 1123 723 1184 dicitur
746 1142 821 1185 esse
845 1124 1047 1185 voluntaria.
1074 1160 1114 1168 -

157 1229 337 1305 Respondeo
359 1230 451 1309 quod
476 1229 744 1290 involuntarium
768 1230 892 1291 dicitur
916 1230 1117 1309 simpliciter

156 1334 241 1395 illud
264 1346 384 1396 contra
406 1336 499 1415 quod
521 1335 684 1396 uoluntas
708 1336 909 1417 simpliciter
932 1355 1116 1397 remurmu-

155 1450 228 1513 rat;
254 1443 314 1502 sed
338 1443 383 1503 ibi
409 1443 570 1503 voluntas
594 1461 661 1503 non
696 1453 922 1504 remurmurat
956 1443 1116 1523 simplici-

154 1558 217 1616 ter,
241 1558 315 1609 esto
340 1549 431 1628 quod
456 1549 541 1609 illud
565 1567 633 1610 non
657 1548 782 1629 placet;
801 1559 834 1609 et
850 1559 1031 1630 propterea
1047 1546 1114 1612 non

156 1656 280 1717 dicitur
291 1655 523 1717 involuntaria
538 1656 749 1736 simpliciter,
767 1657 848 1736 quia
863 1656 938 1717 haec
954 1656 1115 1718 voluntas

156 1761 356 1843 simpliciter
379 1780 447 1822 non
472 1771 698 1823 remurmurat
720 1762 825 1823 immo
851 1764 1021 1842 patienter
1044 1782 1116 1824 sus·

155 1872 251 1939 tinet,
277 1869 353 1930 ideo
377 1869 502 1929 dicitur
524 1868 727 1930 voluntaria.

245 1976 387 2035 Secunda
415 1976 575 2035 Conclusio
597 1985 650 2036 est
674 1976 845 2037 declarare
877 1976 959 2056 quid
993 1976 1115 2039 intelli-

155 2084 250 2163 gitur
272 2103 334 2162 per
349 2082 620 2162 poenitentialem
637 2083 864 2162 punitionem;
883 2092 917 2143 et
933 2082 1009 2145 dico
1022 2083 1113 2164 quod

154 2200 361 2251 concurrunt
395 2189 441 2250 ibi
476 2200 631 2269 quatuor.
669 2190 794 2260 Primo
819 2193 896 2250 velle
923 2193 1051 2268 pccuc‘ce,
1080 2200 1114 2251 et

153 2297 219 2358 hoc
237 2291 278 2357 ‘in
302 2297 479 2356 voluntate
490 2307 661 2357 causante.
681 2295 850 2366 Secundo,
868 2299 948 2356 nolle
956 2304 1108 2374 peccasse,

153 2414 188 2464 et
210 2403 275 2464 hoc
299 2405 334 2464 in
358 2403 535 2464 voluntate
574 2404 775 2464 detestante.
805 2403 933 2474 Terti0,
957 2405 1034 2463 velle
1050 2409 1114 2481 pcr-

154 2531 228 2570 nam
263 2511 415 2590 inflictam
448 2517 614 2586 acceptare.
641 2508 787 2590 Qucum,
811 2513 889 2570 velle
922 2530 991 2569 eom
1028 2511 1114 2589 suffi-

153 2619 269 2676 cienter
291 2627 326 2677 et
341 2619 501 2693 patienter
521 2615 667 2694 sufferre.
685 2615 730 2678 Et
746 2617 931 2678 secundum
953 2618 1019 2677 ista
1034 2616 1114 2678 dan·

153 2733 209 2784 tur
232 2724 275 2784 de
300 2723 510 2784 Poenitentia
536 2733 682 2802 quatuor
698 2723 959 2803 descriptiones:
986 2723 1107 2790 Prima,

152 2831 358 2910 poenitentia
380 2838 432 2890 est
456 2830 630 2890 vindicare
653 2839 829 2908 peccatum
855 2848 874 2890 e
898 2848 934 2890 se
958 2829 1114 2890 commis·

153 2957 240 2999 sum.
277 2937 419 2997 Secunda
453 2946 506 2997 est
540 2937 626 2997 ista:
652 2938 820 3017 poenitere
851 2945 904 2996 est
938 2936 1032 2996 odire
1056 2936 1112 2997 vel

152 3045 313 3105 detestari
337 3052 514 3124 peccatum
538 3043 769 3106 commissum.
804 3044 906 3104 Tertia
938 3052 990 3102 est
1024 3043 1111 3104 ista:

152 3153 320 3231 poenitere
344 3161 396 3211 est
419 3169 556 3230 poenam
581 3147 744 3210 inflictam
768 3168 830 3228 pro
861 3159 1001 3229 peccato
1024 3168 1114 3210 com·

151 3260 258 3319 misso
282 3267 459 3339 gratanter
482 3267 667 3337 acceptare.
696 3257 820 3330 Quarta
844 3265 896 3317 est
920 3257 1005 3317 ista:
1042 3275 1113 3336 poe·

152 3367 260 3427 nitere
283 3373 336 3425 est
359 3383 497 3444 poenam
521 3365 586 3425 sibi
610 3383 673 3444 pro
697 3373 837 3443 peccato
861 3381 923 3424 suo
947 3360 1109 3423 inflictam

150 3473 321 3553 patienter
345 3479 555 3550 supportare.
