2600 4200
359 211 548 274 D1sr1ucr,
574 211 670 274 XIII
695 211 847 292 Quassr.
873 212 907 274 II
1026 233 1084 291 ¹77
1164 215 1171 228 “

241 389 364 450 Contra.
389 410 416 452 ι.
456 412 485 469 q.
522 411 549 452 1.
584 397 650 468 cap.
690 391 784 466 Quod
814 393 941 468 quidam
976 394 1108 453 dz'cz'lar:

145 495 242 558 nulla
264 514 368 557 causa
391 497 582 559 ostenditur
612 517 673 560 cur
706 497 765 558 ille
798 499 857 579 qui
892 518 961 560 non
995 509 1110 579 potest

146 603 363 684 Baptismum
388 605 553 673 amittere,
574 605 631 685 jus
654 604 848 684 baptizandi
873 607 983 684 possit
1015 608 1110 667 amit-

145 719 232 782 tere;
257 729 342 792 ergo
366 730 386 771 a
409 711 523 780 simili,
558 713 617 792 qui
658 709 834 773 Ordinem·
862 711 1108 774 sacerdotalem
1167 739 1171 746 ·

145 817 302 878 amittere
326 836 393 878 non
419 829 542 897 potest,
557 837 629 880 =nec
649 819 707 898 jus
729 816 930 880 conficiendi
955 820 1110 881 amittere

146 933 270 1004 potest.
300 925 524 997 Corefirmatur,
552 927 634 1006 quia
668 927 702 986 in
738 923 869 987 Ordine
903 926 1110 1006 imprimitur

146 1031 336 1104 character;
362 1030 422 1092 sed
457 1032 631 1093 character
665 1042 718 1094 est
752 1031 862 1093 iorma
895 1033 1108 1104 indelebilis;

144 1155 240 1219 ergo,

238 1243 298 1306 Ao
322 1257 438 1306 1srnrr
462 1244 1109 1326 QUAEsr1onsrrdicoquodconficere

145 1349 280 1432 Corpus
304 1349 431 1414 Christi
456 1371 517 1414 seu
541 1349 793 1416 Eucharistiam
818 1363 856 1414 ut
868 1372 972 1415 causa
987 1353 1110 1432 princi·

145 1459 235 1538 palis
260 1459 375 1520 nullus
398 1468 513 1539 potest
537 1461 601 1521 nisi
625 1457 732 1530 Deus,
764 1480 809 1520 ex
845 1461 963 1535 Quoest.
997 1466 1104 1537 praec„

146 1565 207 1627 sed
231 1568 320 1627 sicut
343 1566 501 1628 ministro
516 1575 631 1648 potest
646 1577 840 1648 competere
852 1566 953 1628 alicui
965 1566 1108 1637 homini,
1167 1637 1171 1648 ,

145 1674 228 1752 quia
251 1673 300 1734 sic
325 1673 421 1736 Deus
445 1673 617 1734 ordinavit
640 1674 732 1753 quod
756 1675 790 1734 in
814 1674 1019 1753 quibusdam
1051 1670 1111 1735 Sa·

145 1781 330 1842 oramentis
354 1780 456 1842 homo
480 1789 594 1860 potest
617 1799 693 1841 esse
709 1781 873 1842 minister.
888 1779 933 1842 Et
949 1798 1017 1861 ego
1033 1781 1110 1842 dico

145 1887 237 1966 quod
262 1888 434 1967 loquendo
458 1887 501 1948 de
524 1884 725 1948 conficiente
749 1887 1026 1957 ministerialiter.
1051 1887 1110 1950 du·

145 1993 280 2073 pliciter
303 2003 417 2074 potest
442 1994 590 2075 intelligi
608 1999 700 2070 posse
722 1994 879 2073 conficere,
908 2013 977 2055 uno
1007 1995 1109 2056 modo

144 2099 281 2161 absolute
304 2103 352 2162 ita
375 2102 467 2183 quod
492 2102 520 2162 si
546 2100 694 2163 intendit
728 2100 783 2161 vel
819 2110 963 2162 attentat
998 2098 1109 2163 facere

144 2204 227 2269 facit
250 2208 342 2288 quod
366 2209 521 2277 intendit,
548 2208 615 2269 alio
638 2208 742 2269 modo
765 2209 807 2269 de
831 2228 932 2288 posse
967 2209 1110 2269 ordinale

146 2312 267 2375 iacere,
294 2314 481 2396 Loquendo
505 2324 618 2377 autem
643 2314 685 2375 de
697 2334 799 2395 posse
815 2315 1017 2395 simpliciter
1032 2334 1111 2378 con·

107 2462 109 2465 -
144 2418 245 2483 ficere
269 2421 354 2483 nihil
378 2423 563 2502 requiritur
587 2422 678 2484 ultra
700 2422 849 2486 debitam
873 2424 1050 2483 materiam
1075 2432 1110 2483 et

145 2530 302 2589 minister
324 2528 471 2599 debitus,
496 2529 538 2590 ad
562 2547 664 2610 quem
688 2530 909 2608 requiruntur
932 2538 1002 2590 tres
1033 2548 1110 2591 con·

143 2636 302 2705 ditiones,
327 2635 458 2697 scilicet
481 2636 573 2716 quod
597 2637 642 2697 sit
666 2632 844 2705 Sacerdos,
872 2636 964 2716 quod
996 2638 1107 2715 possit

145 2739 299 2821 proferre
322 2742 428 2803 verba
451 2744 729 2812 consecrationis,
754 2752 788 2804 et
811 2743 903 2822 quod
927 2744 1038 2822 possit
1053 2743 1110 2803 ha·

143 2848 225 2909 bere
249 2849 397 2910 debitam
423 2850 645 2911 intentionem
671 2846 816 2911 faciendi
841 2849 933 2929 quod
964 2846 1046 2909 iacit
1074 2859 1109 2910 et

145 2956 292 3017 intendit
308 2954 472 3017 Ecclesia.
499 2956 644 3036 Propter
667 2953 837 3017 defectum
861 2956 1110 3035 prtmaecondi-

144 3062 249 3123 tionis
273 3081 341 3124 non
366 3072 479 3142 potest
502 3060 669 3123 conficere
694 3062 801 3124 laicus
825 3063 880 3124 vel
905 3082 973 3124 non
1002 3082 1109 3133 sacer·

143 3168 216 3229 dos.
243 3168 387 3248 Propter
410 3166 579 3230 deiectum
605 3169 766 3231 secundae
800 3170 1008 3231 conditionis
1039 3190 1108 3232 non

143 3285 258 3354 potest
281 3274 447 3337 conficere
471 3285 596 3337 mutus.
622 3276 768 3356 Propter
799 3274 966 3337 deiectum
999 3278 1110 3339 tertiae

142 3382 351 3444 conditionis
375 3401 442 3443 non
467 3392 581 3462 potest
604 3381 770 3443 conficere
795 3402 858 3443 usu
875 3402 996 3445 carens
1011 3385 1111 3445 ratio·

145 3488 221 3553 nis„
235 3488 304 3549 Sed
328 3490 605 3569 primaconditio
618 3500 670 3549 est
683 3489 738 3551 hic
754 3490 1000 3570 propriissime,
1018 3490 1110 3571 quod

144 3595 241 3657 solus
266 3594 434 3656 Sacerdos
457 3606 491 3657 et
514 3596 660 3677 quilibet
684 3596 852 3657 Sacerdos
875 3598 928 3658 cui
965 3607 1111 3677 possunt
