<?xml version="1.0" encoding="UTF-8"?>
<!DOCTYPE html PUBLIC "-//W3C//DTD XHTML 1.0 Transitional//EN"
    "http://www.w3.org/TR/xhtml1/DTD/xhtml1-transitional.dtd">
<html xmlns="http://www.w3.org/1999/xhtml" xml:lang="en" lang="en">
 <head>
  <title>
</title>
<meta http-equiv="Content-Type" content="text/html;charset=utf-8" />
  <meta name='ocr-system' content='tesseract 3.04.00' />
  <meta name='ocr-capabilities' content='ocr_page ocr_carea ocr_par ocr_line ocrx_word'/>
</head>
<body>
  <div class='ocr_page' id='page_1' title='image "./commentariainli02scotgoog_0399.png"; bbox 0 0 2600 4200; ppageno 0'>
   <div class='ocr_carea' id='block_1_1' title="bbox 396 234 1085 317">
    <p class='ocr_par' dir='ltr' id='par_1_1' title="bbox 396 234 1085 317">
     <span class='ocr_line' id='line_1_1' title="bbox 396 234 1085 317; baseline -0.001 -19"><span class='ocrx_word' id='word_1_1' title='bbox 396 237 586 300; x_wconf 74' lang='lat' dir='ltr'>D1srrucr.</span> <span class='ocrx_word' id='word_1_2' title='bbox 612 237 648 297; x_wconf 82' lang='lat' dir='ltr'>X</span> <span class='ocrx_word' id='word_1_3' title='bbox 674 234 825 317; x_wconf 71' lang='lat' dir='ltr'>Qurusr.</span> <span class='ocrx_word' id='word_1_4' title='bbox 852 236 868 297; x_wconf 93' lang='grc' dir='ltr'>Ι</span> <span class='ocrx_word' id='word_1_5' title='bbox 1032 255 1085 297; x_wconf 85' lang='lat'>121</span> 
     </span>
    </p>
   </div>
   <div class='ocr_carea' id='block_1_2' title="bbox 125 413 1117 3673">
    <p class='ocr_par' dir='ltr' id='par_1_2' title="bbox 145 413 1117 903">
     <span class='ocr_line' id='line_1_2' title="bbox 247 413 1117 476; baseline -0.002 0"><span class='ocrx_word' id='word_1_6' title='bbox 247 417 349 476; x_wconf 84' lang='lat' dir='ltr'>Tertio</span> <span class='ocrx_word' id='word_1_7' title='bbox 372 417 442 476; x_wconf 92' lang='lat' dir='ltr'>sic:</span> <span class='ocrx_word' id='word_1_8' title='bbox 468 413 566 476; x_wconf 85' lang='lat' dir='ltr'>Sicut</span> <span class='ocrx_word' id='word_1_9' title='bbox 589 415 737 476; x_wconf 88' lang='lat' dir='ltr'>locatum</span> <span class='ocrx_word' id='word_1_10' title='bbox 755 423 972 476; x_wconf 84' lang='lat' dir='ltr'>mensuratur</span> <span class='ocrx_word' id='word_1_11' title='bbox 987 414 1117 476; x_wconf 90' lang='lat' dir='ltr'>dimen-</span> 
     </span>
     <span class='ocr_line' id='line_1_3' title="bbox 148 521 1115 600; baseline -0.001 -17"><span class='ocrx_word' id='word_1_12' title='bbox 148 522 304 584; x_wconf 90' lang='lat' dir='ltr'>sionibus</span> <span class='ocrx_word' id='word_1_13' title='bbox 329 521 393 583; x_wconf 91' lang='lat' dir='ltr'>loei</span> <span class='ocrx_word' id='word_1_14' title='bbox 418 523 604 585; x_wconf 89' lang='lat' dir='ltr'>secundum</span> <span class='ocrx_word' id='word_1_15' title='bbox 629 528 782 600; x_wconf 71' lang='lat' dir='ltr'>qzmrtlum</span> <span class='ocrx_word' id='word_1_16' title='bbox 799 530 833 582; x_wconf 90' lang='lat' dir='ltr'>et</span> <span class='ocrx_word' id='word_1_17' title='bbox 844 523 1034 588; x_wconf 77' lang='lat' dir='ltr'>continuum,</span> <span class='ocrx_word' id='word_1_18' title='bbox 1064 523 1115 582; x_wconf 92' lang='lat' dir='ltr'>sic</span> 
     </span>
     <span class='ocr_line' id='line_1_4' title="bbox 145 629 1112 709; baseline -0.001 -19"><span class='ocrx_word' id='word_1_19' title='bbox 145 638 443 690; x_wconf 84' lang='lat' dir='ltr'>commensuratur</span> <span class='ocrx_word' id='word_1_20' title='bbox 459 629 646 689; x_wconf 91' lang='lat' dir='ltr'>secundum</span> <span class='ocrx_word' id='word_1_21' title='bbox 664 649 761 688; x_wconf 79' lang='lat' dir='ltr'>zcnum</span> <span class='ocrx_word' id='word_1_22' title='bbox 778 638 813 689; x_wconf 88' lang='lat' dir='ltr'>et</span> <span class='ocrx_word' id='word_1_23' title='bbox 829 629 947 695; x_wconf 73' lang='lat' dir='ltr'>media,-</span> <span class='ocrx_word' id='word_1_24' title='bbox 963 629 1071 709; x_wconf 82' lang='lat' dir='ltr'>igitur</span> <span class='ocrx_word' id='word_1_25' title='bbox 1083 629 1112 689; x_wconf 91' lang='lat' dir='ltr'>si</span> 
     </span>
     <span class='ocr_line' id='line_1_5' title="bbox 148 734 1111 804; baseline -0.002 -8"><span class='ocrx_word' id='word_1_26' title='bbox 148 735 297 796; x_wconf 90' lang='lat' dir='ltr'>locatum</span> <span class='ocrx_word' id='word_1_27' title='bbox 322 737 386 796; x_wconf 89' lang='lat' dir='ltr'>erit</span> <span class='ocrx_word' id='word_1_28' title='bbox 410 736 444 796; x_wconf 92' lang='lat' dir='ltr'>in</span> <span class='ocrx_word' id='word_1_29' title='bbox 468 735 615 796; x_wconf 89' lang='lat' dir='ltr'>diversis</span> <span class='ocrx_word' id='word_1_30' title='bbox 647 734 743 804; x_wconf 81' lang='lat' dir='ltr'>locis,</span> <span class='ocrx_word' id='word_1_31' title='bbox 768 736 833 795; x_wconf 90' lang='lat' dir='ltr'>erit</span> <span class='ocrx_word' id='word_1_32' title='bbox 867 735 970 795; x_wconf 91' lang='lat' dir='ltr'>simul</span> <span class='ocrx_word' id='word_1_33' title='bbox 1005 753 1111 796; x_wconf 88' lang='lat' dir='ltr'>unum</span> 
     </span>
     <span class='ocr_line' id='line_1_6' title="bbox 147 840 324 903; baseline 0 -1"><span class='ocrx_word' id='word_1_34' title='bbox 147 851 182 902; x_wconf 89' lang='lat' dir='ltr'>et</span> <span class='ocrx_word' id='word_1_35' title='bbox 206 840 324 903; x_wconf 88' lang='lat' dir='ltr'>multa.</span> 
     </span>
    </p>

    <p class='ocr_par' dir='ltr' id='par_1_3' title="bbox 241 946 1114 1028">
     <span class='ocr_line' id='line_1_7' title="bbox 241 946 1114 1028; baseline -0.001 -21"><span class='ocrx_word' id='word_1_36' title='bbox 241 949 363 1022; x_wconf 79' lang='lat' dir='ltr'>Qrcarto</span> <span class='ocrx_word' id='word_1_37' title='bbox 387 949 435 1008; x_wconf 91' lang='lat' dir='ltr'>sic</span> <span class='ocrx_word' id='word_1_38' title='bbox 460 949 575 1028; x_wconf 83' lang='lat' dir='ltr'>arguit</span> <span class='ocrx_word' id='word_1_39' title='bbox 599 947 688 1008; x_wconf 90' lang='lat' dir='ltr'>alius</span> <span class='ocrx_word' id='word_1_40' title='bbox 712 947 863 1008; x_wconf 90' lang='lat' dir='ltr'>Doctor:</span> <span class='ocrx_word' id='word_1_41' title='bbox 888 946 1041 1008; x_wconf 84' lang='lat' dir='ltr'>Termini</span> <span class='ocrx_word' id='word_1_42' title='bbox 1066 946 1114 1007; x_wconf 73' lang='lat' dir='ltr'>lo</span> 
     </span>
    </p>

    <p class='ocr_par' dir='ltr' id='par_1_4' title="bbox 145 1053 1114 1860">
     <span class='ocr_line' id='line_1_8' title="bbox 146 1053 1111 1135; baseline -0.001 -21"><span class='ocrx_word' id='word_1_43' title='bbox 146 1056 214 1115; x_wconf 91' lang='lat' dir='ltr'>cati</span> <span class='ocrx_word' id='word_1_44' title='bbox 239 1064 273 1115; x_wconf 92' lang='lat' dir='ltr'>et</span> <span class='ocrx_word' id='word_1_45' title='bbox 296 1055 431 1116; x_wconf 86' lang='lat' dir='ltr'>termini</span> <span class='ocrx_word' id='word_1_46' title='bbox 457 1053 521 1115; x_wconf 89' lang='lat' dir='ltr'>loci</span> <span class='ocrx_word' id='word_1_47' title='bbox 547 1063 628 1114; x_wconf 92' lang='lat' dir='ltr'>sunt</span> <span class='ocrx_word' id='word_1_48' title='bbox 651 1053 775 1122; x_wconf 89' lang='lat' dir='ltr'>simul;</span> <span class='ocrx_word' id='word_1_49' title='bbox 800 1072 885 1135; x_wconf 87' lang='lat' dir='ltr'>ergo</span> <span class='ocrx_word' id='word_1_50' title='bbox 909 1054 938 1115; x_wconf 91' lang='lat' dir='ltr'>si</span> <span class='ocrx_word' id='word_1_51' title='bbox 962 1053 1111 1114; x_wconf 90' lang='lat' dir='ltr'>locatum</span> 
     </span>
     <span class='ocr_line' id='line_1_9' title="bbox 146 1160 1114 1241; baseline -0.001 -19"><span class='ocrx_word' id='word_1_52' title='bbox 146 1171 201 1222; x_wconf 89' lang='lat' dir='ltr'>est</span> <span class='ocrx_word' id='word_1_53' title='bbox 224 1169 323 1222; x_wconf 88' lang='lat' dir='ltr'>extra</span> <span class='ocrx_word' id='word_1_54' title='bbox 347 1163 511 1222; x_wconf 89' lang='lat' dir='ltr'>terminos</span> <span class='ocrx_word' id='word_1_55' title='bbox 535 1160 600 1221; x_wconf 89' lang='lat' dir='ltr'>loci</span> <span class='ocrx_word' id='word_1_56' title='bbox 625 1162 766 1241; x_wconf 85' lang='lat' dir='ltr'>proprii,</span> <span class='ocrx_word' id='word_1_57' title='bbox 790 1169 844 1222; x_wconf 87' lang='lat' dir='ltr'>est</span> <span class='ocrx_word' id='word_1_58' title='bbox 877 1171 977 1222; x_wconf 86' lang='lat' dir='ltr'>extra</span> <span class='ocrx_word' id='word_1_59' title='bbox 1000 1163 1114 1222; x_wconf 86' lang='lat' dir='ltr'>termi-</span> 
     </span>
     <span class='ocr_line' id='line_1_10' title="bbox 149 1269 508 1348; baseline 0 -20"><span class='ocrx_word' id='word_1_60' title='bbox 149 1285 212 1328; x_wconf 92' lang='lat' dir='ltr'>nos</span> <span class='ocrx_word' id='word_1_61' title='bbox 236 1285 318 1330; x_wconf 86' lang='lat' dir='ltr'>suos</span> <span class='ocrx_word' id='word_1_62' title='bbox 341 1269 508 1348; x_wconf 88' lang='lat' dir='ltr'>proprios.</span> 
     </span>
     <span class='ocr_line' id='line_1_11' title="bbox 147 1371 1110 1456; baseline 0.003 -24"><span class='ocrx_word' id='word_1_63' title='bbox 147 1371 149 1374; x_wconf 75' lang='grc'><strong>’</strong></span> <span class='ocrx_word' id='word_1_64' title='bbox 241 1375 368 1448; x_wconf 81' lang='lat' dir='ltr'>Quinto,</span> <span class='ocrx_word' id='word_1_65' title='bbox 397 1373 485 1436; x_wconf 91' lang='lat' dir='ltr'>alius</span> <span class='ocrx_word' id='word_1_66' title='bbox 509 1375 624 1456; x_wconf 82' lang='lat' dir='ltr'>arguit</span> <span class='ocrx_word' id='word_1_67' title='bbox 648 1375 719 1445; x_wconf 83' lang='lat' dir='ltr'>sic;</span> <span class='ocrx_word' id='word_1_68' title='bbox 745 1373 843 1436; x_wconf 85' lang='lat' dir='ltr'>Sicut</span> <span class='ocrx_word' id='word_1_69' title='bbox 858 1392 920 1453; x_wconf 89' lang='lat' dir='ltr'>per</span> <span class='ocrx_word' id='word_1_70' title='bbox 935 1376 1110 1454; x_wconf 89' lang='lat' dir='ltr'>propriam</span> 
     </span>
     <span class='ocr_line' id='line_1_12' title="bbox 149 1481 1111 1560; baseline 0.001 -20"><span class='ocrx_word' id='word_1_71' title='bbox 149 1489 304 1542; x_wconf 86' lang='lat' dir='ltr'>naturam</span> <span class='ocrx_word' id='word_1_72' title='bbox 328 1498 383 1541; x_wconf 93' lang='lat' dir='ltr'>res</span> <span class='ocrx_word' id='word_1_73' title='bbox 407 1490 460 1542; x_wconf 89' lang='lat' dir='ltr'>est</span> <span class='ocrx_word' id='word_1_74' title='bbox 484 1481 518 1541; x_wconf 94' lang='lat' dir='ltr'>in</span> <span class='ocrx_word' id='word_1_75' title='bbox 543 1498 611 1541; x_wconf 90' lang='lat' dir='ltr'>una</span> <span class='ocrx_word' id='word_1_76' title='bbox 645 1482 760 1559; x_wconf 87' lang='lat' dir='ltr'>specie</span> <span class='ocrx_word' id='word_1_77' title='bbox 794 1489 938 1550; x_wconf 88' lang='lat' dir='ltr'>tantum,</span> <span class='ocrx_word' id='word_1_78' title='bbox 964 1482 1013 1541; x_wconf 90' lang='lat' dir='ltr'>sic</span> <span class='ocrx_word' id='word_1_79' title='bbox 1048 1500 1111 1560; x_wconf 90' lang='lat' dir='ltr'>per</span> 
     </span>
     <span class='ocr_line' id='line_1_13' title="bbox 148 1586 1112 1667; baseline 0.001 -20"><span class='ocrx_word' id='word_1_80' title='bbox 148 1605 251 1647; x_wconf 89' lang='lat' dir='ltr'>unam</span> <span class='ocrx_word' id='word_1_81' title='bbox 275 1587 522 1648; x_wconf 87' lang='lat' dir='ltr'>dimensionem</span> <span class='ocrx_word' id='word_1_82' title='bbox 547 1595 599 1648; x_wconf 89' lang='lat' dir='ltr'>est</span> <span class='ocrx_word' id='word_1_83' title='bbox 623 1588 658 1647; x_wconf 95' lang='lat' dir='ltr'>in</span> <span class='ocrx_word' id='word_1_84' title='bbox 683 1606 752 1646; x_wconf 93' lang='lat' dir='ltr'>uno</span> <span class='ocrx_word' id='word_1_85' title='bbox 776 1586 851 1648; x_wconf 90' lang='lat' dir='ltr'>loco</span> <span class='ocrx_word' id='word_1_86' title='bbox 868 1595 1011 1654; x_wconf 85' lang='lat' dir='ltr'>tantum,</span> <span class='ocrx_word' id='word_1_87' title='bbox 1030 1590 1112 1667; x_wconf 91' lang='lat' dir='ltr'>quia</span> 
     </span>
     <span class='ocr_line' id='line_1_14' title="bbox 146 1693 1112 1774; baseline 0.001 -20"><span class='ocrx_word' id='word_1_88' title='bbox 146 1695 236 1754; x_wconf 90' lang='lat' dir='ltr'>sicut</span> <span class='ocrx_word' id='word_1_89' title='bbox 253 1711 290 1754; x_wconf 86' lang='lat' dir='ltr'>se</span> <span class='ocrx_word' id='word_1_90' title='bbox 310 1693 413 1754; x_wconf 89' lang='lat' dir='ltr'>habet</span> <span class='ocrx_word' id='word_1_91' title='bbox 435 1703 557 1754; x_wconf 89' lang='lat' dir='ltr'>natura</span> <span class='ocrx_word' id='word_1_92' title='bbox 568 1693 610 1754; x_wconf 93' lang='lat' dir='ltr'>ad</span> <span class='ocrx_word' id='word_1_93' title='bbox 634 1695 794 1774; x_wconf 85' lang='lat' dir='ltr'>speciem,</span> <span class='ocrx_word' id='word_1_94' title='bbox 811 1695 860 1754; x_wconf 93' lang='lat' dir='ltr'>sic</span> <span class='ocrx_word' id='word_1_95' title='bbox 876 1694 1052 1772; x_wconf 84' lang='lat' dir='ltr'>quantitas</span> <span class='ocrx_word' id='word_1_96' title='bbox 1067 1695 1112 1755; x_wconf 87' lang='lat' dir='ltr'>ad</span> 
     </span>
     <span class='ocr_line' id='line_1_15' title="bbox 145 1798 269 1860; baseline 0 0"><span class='ocrx_word' id='word_1_97' title='bbox 145 1798 269 1860; x_wconf 90' lang='lat' dir='ltr'>locum.</span> 
     </span>
    </p>

    <p class='ocr_par' dir='ltr' id='par_1_5' title="bbox 125 1904 1112 2840">
     <span class='ocr_line' id='line_1_16' title="bbox 236 1904 1110 1987; baseline 0.002 -21"><span class='ocrx_word' id='word_1_98' title='bbox 236 1905 343 1974; x_wconf 82' lang='lat' dir='ltr'>Sexto,</span> <span class='ocrx_word' id='word_1_99' title='bbox 372 1905 461 1967; x_wconf 91' lang='lat' dir='ltr'>alius</span> <span class='ocrx_word' id='word_1_100' title='bbox 485 1908 600 1987; x_wconf 83' lang='lat' dir='ltr'>arguit</span> <span class='ocrx_word' id='word_1_101' title='bbox 623 1907 687 1966; x_wconf 91' lang='lat' dir='ltr'>sic:</span> <span class='ocrx_word' id='word_1_102' title='bbox 713 1904 751 1968; x_wconf 83' lang='lat' dir='ltr'>Si</span> <span class='ocrx_word' id='word_1_103' title='bbox 768 1906 858 1966; x_wconf 91' lang='lat' dir='ltr'>idem</span> <span class='ocrx_word' id='word_1_104' title='bbox 875 1924 1000 1986; x_wconf 90' lang='lat' dir='ltr'>corpus</span> <span class='ocrx_word' id='word_1_105' title='bbox 1017 1916 1110 1968; x_wconf 87' lang='lat' dir='ltr'>esset</span> 
     </span>
     <span class='ocr_line' id='line_1_17' title="bbox 147 2011 1111 2082; baseline 0.002 -10"><span class='ocrx_word' id='word_1_106' title='bbox 147 2014 183 2073; x_wconf 92' lang='lat' dir='ltr'>in</span> <span class='ocrx_word' id='word_1_107' title='bbox 206 2012 353 2074; x_wconf 90' lang='lat' dir='ltr'>diversis</span> <span class='ocrx_word' id='word_1_108' title='bbox 376 2011 461 2073; x_wconf 89' lang='lat' dir='ltr'>locis</span> <span class='ocrx_word' id='word_1_109' title='bbox 485 2011 598 2082; x_wconf 89' lang='lat' dir='ltr'>simul,</span> <span class='ocrx_word' id='word_1_110' title='bbox 631 2021 690 2074; x_wconf 89' lang='lat' dir='ltr'>aut</span> <span class='ocrx_word' id='word_1_111' title='bbox 723 2031 793 2072; x_wconf 91' lang='lat' dir='ltr'>una</span> <span class='ocrx_word' id='word_1_112' title='bbox 826 2014 1025 2082; x_wconf 84' lang='lat' dir='ltr'>mutatione,</span> <span class='ocrx_word' id='word_1_113' title='bbox 1051 2022 1111 2074; x_wconf 91' lang='lat' dir='ltr'>aut</span> 
     </span>
     <span class='ocr_line' id='line_1_18' title="bbox 145 2118 1111 2199; baseline 0.002 -20"><span class='ocrx_word' id='word_1_114' title='bbox 145 2118 289 2181; x_wconf 90' lang='lat' dir='ltr'>duabus.</span> <span class='ocrx_word' id='word_1_115' title='bbox 315 2118 393 2181; x_wconf 83' lang='lat' dir='ltr'>Non</span> <span class='ocrx_word' id='word_1_116' title='bbox 418 2140 481 2179; x_wconf 85' lang='lat' dir='ltr'>una</span> <span class='ocrx_word' id='word_1_117' title='bbox 506 2122 684 2186; x_wconf 82' lang='lat' dir='ltr'>mutatione,</span> <span class='ocrx_word' id='word_1_118' title='bbox 713 2121 794 2199; x_wconf 91' lang='lat' dir='ltr'>quia</span> <span class='ocrx_word' id='word_1_119' title='bbox 818 2138 886 2181; x_wconf 89' lang='lat' dir='ltr'>una</span> <span class='ocrx_word' id='word_1_120' title='bbox 897 2121 1041 2181; x_wconf 91' lang='lat' dir='ltr'>mutatio</span> <span class='ocrx_word' id='word_1_121' title='bbox 1056 2130 1111 2181; x_wconf 88' lang='lat' dir='ltr'>est</span> 
     </span>
     <span class='ocr_line' id='line_1_19' title="bbox 146 2224 1112 2306; baseline 0.001 -20"><span class='ocrx_word' id='word_1_122' title='bbox 146 2224 189 2287; x_wconf 90' lang='lat' dir='ltr'>ad</span> <span class='ocrx_word' id='word_1_123' title='bbox 213 2244 318 2286; x_wconf 93' lang='lat' dir='ltr'>unum</span> <span class='ocrx_word' id='word_1_124' title='bbox 343 2227 535 2287; x_wconf 91' lang='lat' dir='ltr'>terminum.</span> <span class='ocrx_word' id='word_1_125' title='bbox 562 2226 634 2287; x_wconf 91' lang='lat' dir='ltr'>Nec</span> <span class='ocrx_word' id='word_1_126' title='bbox 658 2226 786 2293; x_wconf 81' lang='lat' dir='ltr'>duabus,</span> <span class='ocrx_word' id='word_1_127' title='bbox 815 2228 897 2306; x_wconf 90' lang='lat' dir='ltr'>quia</span> <span class='ocrx_word' id='word_1_128' title='bbox 930 2236 989 2287; x_wconf 91' lang='lat' dir='ltr'>aut</span> <span class='ocrx_word' id='word_1_129' title='bbox 1023 2228 1112 2306; x_wconf 86' lang='lat' dir='ltr'>ejus·</span> 
     </span>
     <span class='ocr_line' id='line_1_20' title="bbox 144 2331 1107 2413; baseline 0.001 -20"><span class='ocrx_word' id='word_1_130' title='bbox 144 2332 223 2394; x_wconf 87' lang='lat' dir='ltr'>dem</span> <span class='ocrx_word' id='word_1_131' title='bbox 248 2334 384 2413; x_wconf 82' lang='lat' dir='ltr'>speciei,</span> <span class='ocrx_word' id='word_1_132' title='bbox 413 2343 471 2394; x_wconf 89' lang='lat' dir='ltr'>aut</span> <span class='ocrx_word' id='word_1_133' title='bbox 506 2332 646 2394; x_wconf 86' lang='lat' dir='ltr'>alterius</span> <span class='ocrx_word' id='word_1_134' title='bbox 681 2335 815 2413; x_wconf 87' lang='lat' dir='ltr'>speciei.</span> <span class='ocrx_word' id='word_1_135' title='bbox 841 2332 921 2393; x_wconf 84' lang='lat' dir='ltr'>Non</span> <span class='ocrx_word' id='word_1_136' title='bbox 955 2331 1107 2413; x_wconf 89' lang='lat' dir='ltr'>ejusdem</span> 
     </span>
     <span class='ocr_line' id='line_1_21' title="bbox 125 2439 1111 2519; baseline 0 -18"><span class='ocrx_word' id='word_1_137' title='bbox 125 2440 283 2519; x_wconf 89' lang='lat' dir='ltr'>·speciei‚</span> <span class='ocrx_word' id='word_1_138' title='bbox 307 2440 389 2519; x_wconf 89' lang='lat' dir='ltr'>quia</span> <span class='ocrx_word' id='word_1_139' title='bbox 411 2439 500 2500; x_wconf 92' lang='lat' dir='ltr'>idem</span> <span class='ocrx_word' id='word_1_140' title='bbox 526 2458 593 2501; x_wconf 93' lang='lat' dir='ltr'>non</span> <span class='ocrx_word' id='word_1_141' title='bbox 617 2448 732 2519; x_wconf 86' lang='lat' dir='ltr'>potest</span> <span class='ocrx_word' id='word_1_142' title='bbox 755 2440 885 2500; x_wconf 87' lang='lat' dir='ltr'>moveri</span> <span class='ocrx_word' id='word_1_143' title='bbox 902 2440 1004 2500; x_wconf 91' lang='lat' dir='ltr'>simul</span> <span class='ocrx_word' id='word_1_144' title='bbox 1027 2440 1111 2501; x_wconf 91' lang='lat' dir='ltr'>duo-</span> 
     </span>
     <span class='ocr_line' id='line_1_22' title="bbox 145 2545 1109 2625; baseline 0.001 -18"><span class='ocrx_word' id='word_1_145' title='bbox 145 2546 211 2607; x_wconf 92' lang='lat' dir='ltr'>bus</span> <span class='ocrx_word' id='word_1_146' title='bbox 245 2545 395 2607; x_wconf 89' lang='lat' dir='ltr'>motibus</span> <span class='ocrx_word' id='word_1_147' title='bbox 430 2546 582 2625; x_wconf 89' lang='lat' dir='ltr'>ejusdem</span> <span class='ocrx_word' id='word_1_148' title='bbox 617 2547 743 2625; x_wconf 84' lang='lat' dir='ltr'>speciei</span> <span class='ocrx_word' id='word_1_149' title='bbox 767 2566 811 2605; x_wconf 85' lang='lat' dir='ltr'>ex</span> <span class='ocrx_word' id='word_1_150' title='bbox 830 2546 1011 2623; x_wconf 81' lang='lat' dir='ltr'>5.Pl1yr.,·</span> <span class='ocrx_word' id='word_1_151' title='bbox 1045 2565 1109 2608; x_wconf 90' lang='lat' dir='ltr'>nec</span> 
     </span>
     <span class='ocr_line' id='line_1_23' title="bbox 145 2651 1109 2732; baseline 0.001 -19"><span class='ocrx_word' id='word_1_152' title='bbox 145 2652 281 2714; x_wconf 88' lang='lat' dir='ltr'>duobus</span> <span class='ocrx_word' id='word_1_153' title='bbox 304 2651 454 2713; x_wconf 88' lang='lat' dir='ltr'>motibus</span> <span class='ocrx_word' id='word_1_154' title='bbox 481 2652 621 2713; x_wconf 89' lang='lat' dir='ltr'>alterius</span> <span class='ocrx_word' id='word_1_155' title='bbox 657 2652 793 2732; x_wconf 88' lang='lat' dir='ltr'>speciei,</span> <span class='ocrx_word' id='word_1_156' title='bbox 818 2654 899 2732; x_wconf 91' lang='lat' dir='ltr'>quia</span> <span class='ocrx_word' id='word_1_157' title='bbox 932 2672 1009 2714; x_wconf 90' lang='lat' dir='ltr'>cum</span> <span class='ocrx_word' id='word_1_158' title='bbox 1044 2663 1109 2714; x_wconf 89' lang='lat' dir='ltr'>ter·</span> 
     </span>
     <span class='ocr_line' id='line_1_24' title="bbox 146 2760 1106 2840; baseline 0.002 -21"><span class='ocrx_word' id='word_1_159' title='bbox 146 2760 229 2819; x_wconf 94' lang='lat' dir='ltr'>mini</span> <span class='ocrx_word' id='word_1_160' title='bbox 254 2768 334 2820; x_wconf 92' lang='lat' dir='ltr'>sunt</span> <span class='ocrx_word' id='word_1_161' title='bbox 357 2760 517 2820; x_wconf 89' lang='lat' dir='ltr'>contrarii</span> <span class='ocrx_word' id='word_1_162' title='bbox 542 2769 657 2820; x_wconf 90' lang='lat' dir='ltr'>motus</span> <span class='ocrx_word' id='word_1_163' title='bbox 683 2768 764 2820; x_wconf 91' lang='lat' dir='ltr'>sunt</span> <span class='ocrx_word' id='word_1_164' title='bbox 798 2760 1106 2840; x_wconf 80' lang='lat' dir='ltr'>incompossibiles</span> 
     </span>
    </p>

    <p class='ocr_par' dir='ltr' id='par_1_6' title="bbox 143 2865 1107 3673">
     <span class='ocr_line' id='line_1_25' title="bbox 235 2865 1107 2947; baseline 0.002 -22"><span class='ocrx_word' id='word_1_165' title='bbox 235 2865 380 2942; x_wconf 77' lang='lat' dir='ltr'>Septimo,</span> <span class='ocrx_word' id='word_1_166' title='bbox 410 2866 453 2926; x_wconf 91' lang='lat' dir='ltr'>ad</span> <span class='ocrx_word' id='word_1_167' title='bbox 478 2865 566 2926; x_wconf 92' lang='lat' dir='ltr'>idem</span> <span class='ocrx_word' id='word_1_168' title='bbox 597 2867 754 2947; x_wconf 84' lang='lat' dir='ltr'>arguitur</span> <span class='ocrx_word' id='word_1_169' title='bbox 777 2867 826 2927; x_wconf 91' lang='lat' dir='ltr'>sic</span> <span class='ocrx_word' id='word_1_170' title='bbox 861 2885 922 2945; x_wconf 90' lang='lat' dir='ltr'>per</span> <span class='ocrx_word' id='word_1_171' title='bbox 956 2867 1107 2928; x_wconf 91' lang='lat' dir='ltr'>rationes</span> 
     </span>
     <span class='ocr_line' id='line_1_26' title="bbox 145 2970 1107 3052; baseline 0.002 -19"><span class='ocrx_word' id='word_1_172' title='bbox 145 2970 245 3033; x_wconf 92' lang='lat' dir='ltr'>Doct.</span> <span class='ocrx_word' id='word_1_173' title='bbox 282 2970 379 3034; x_wconf 82' lang='lat' dir='ltr'>Subt.</span> <span class='ocrx_word' id='word_1_174' title='bbox 414 2972 631 3052; x_wconf 90' lang='lat' dir='ltr'>Impossibile</span> <span class='ocrx_word' id='word_1_175' title='bbox 665 2981 718 3033; x_wconf 89' lang='lat' dir='ltr'>est</span> <span class='ocrx_word' id='word_1_176' title='bbox 751 2974 893 3034; x_wconf 91' lang='lat' dir='ltr'>eandem</span> <span class='ocrx_word' id='word_1_177' title='bbox 928 2975 1107 3035; x_wconf 84' lang='lat' dir='ltr'>materiam</span> 
     </span>
     <span class='ocr_line' id='line_1_27' title="bbox 143 3076 1104 3151; baseline 0.002 -12"><span class='ocrx_word' id='word_1_178' title='bbox 143 3097 221 3139; x_wconf 86' lang='lat' dir='ltr'>esse</span> <span class='ocrx_word' id='word_1_179' title='bbox 256 3079 319 3139; x_wconf 92' lang='lat' dir='ltr'>sub</span> <span class='ocrx_word' id='word_1_180' title='bbox 343 3078 490 3141; x_wconf 89' lang='lat' dir='ltr'>diversis</span> <span class='ocrx_word' id='word_1_181' title='bbox 512 3076 632 3139; x_wconf 88' lang='lat' dir='ltr'>formis</span> <span class='ocrx_word' id='word_1_182' title='bbox 660 3080 966 3151; x_wconf 80' lang='lat' dir='ltr'>substantiatibus3</span> <span class='ocrx_word' id='word_1_183' title='bbox 992 3080 1052 3141; x_wconf 89' lang='lat' dir='ltr'>sed</span> <span class='ocrx_word' id='word_1_184' title='bbox 1076 3084 1104 3141; x_wconf 90' lang='lat' dir='ltr'>si</span> 
     </span>
     <span class='ocr_line' id='line_1_28' title="bbox 145 3184 1107 3265; baseline 0.002 -20"><span class='ocrx_word' id='word_1_185' title='bbox 145 3184 310 3264; x_wconf 90' lang='lat' dir='ltr'>possibile</span> <span class='ocrx_word' id='word_1_186' title='bbox 334 3196 425 3247; x_wconf 88' lang='lat' dir='ltr'>esset</span> <span class='ocrx_word' id='word_1_187' title='bbox 449 3187 537 3246; x_wconf 84' lang='lat' dir='ltr'>idem</span> <span class='ocrx_word' id='word_1_188' title='bbox 554 3203 679 3265; x_wconf 90' lang='lat' dir='ltr'>corpus</span> <span class='ocrx_word' id='word_1_189' title='bbox 696 3204 771 3246; x_wconf 90' lang='lat' dir='ltr'>esse</span> <span class='ocrx_word' id='word_1_190' title='bbox 788 3185 890 3247; x_wconf 92' lang='lat' dir='ltr'>simul</span> <span class='ocrx_word' id='word_1_191' title='bbox 907 3188 942 3247; x_wconf 92' lang='lat' dir='ltr'>in</span> <span class='ocrx_word' id='word_1_192' title='bbox 959 3186 1107 3249; x_wconf 84' lang='lat' dir='ltr'>diversis</span> 
     </span>
     <span class='ocr_line' id='line_1_29' title="bbox 145 3290 1107 3359; baseline 0.003 -9"><span class='ocrx_word' id='word_1_193' title='bbox 145 3290 240 3359; x_wconf 90' lang='lat' dir='ltr'>locis,</span> <span class='ocrx_word' id='word_1_194' title='bbox 276 3291 393 3352; x_wconf 91' lang='lat' dir='ltr'>eadem</span> <span class='ocrx_word' id='word_1_195' title='bbox 429 3294 572 3353; x_wconf 91' lang='lat' dir='ltr'>materia</span> <span class='ocrx_word' id='word_1_196' title='bbox 599 3292 702 3353; x_wconf 91' lang='lat' dir='ltr'>simul</span> <span class='ocrx_word' id='word_1_197' title='bbox 736 3303 827 3353; x_wconf 90' lang='lat' dir='ltr'>esset</span> <span class='ocrx_word' id='word_1_198' title='bbox 862 3293 926 3353; x_wconf 91' lang='lat' dir='ltr'>sub</span> <span class='ocrx_word' id='word_1_199' title='bbox 958 3293 1107 3354; x_wconf 90' lang='lat' dir='ltr'>diversis</span> 
     </span>
     <span class='ocr_line' id='line_1_30' title="bbox 144 3393 1107 3478; baseline 0.002 -21"><span class='ocrx_word' id='word_1_200' title='bbox 144 3393 263 3459; x_wconf 85' lang='lat' dir='ltr'>fonnis</span> <span class='ocrx_word' id='word_1_201' title='bbox 295 3398 587 3460; x_wconf 86' lang='lat' dir='ltr'>substantialibus.</span> <span class='ocrx_word' id='word_1_202' title='bbox 614 3399 760 3458; x_wconf 77' lang='lat' dir='ltr'>Probatio</span> <span class='ocrx_word' id='word_1_203' title='bbox 795 3400 890 3476; x_wconf 76' lang='lat' dir='ltr'>husus</span> <span class='ocrx_word' id='word_1_204' title='bbox 923 3398 1107 3478; x_wconf 85' lang='lat' dir='ltr'>dupliciter</span> 
     </span>
     <span class='ocr_line' id='line_1_31' title="bbox 144 3504 1107 3584; baseline 0.002 -21"><span class='ocrx_word' id='word_1_205' title='bbox 144 3513 248 3583; x_wconf 88' lang='lat' dir='ltr'>patet.</span> <span class='ocrx_word' id='word_1_206' title='bbox 281 3504 351 3565; x_wconf 87' lang='lat' dir='ltr'>Uno</span> <span class='ocrx_word' id='word_1_207' title='bbox 374 3505 461 3565; x_wconf 86' lang='lat' dir='ltr'>modo</span> <span class='ocrx_word' id='word_1_208' title='bbox 484 3506 554 3566; x_wconf 89' lang='lat' dir='ltr'>sic:</span> <span class='ocrx_word' id='word_1_209' title='bbox 579 3507 608 3565; x_wconf 93' lang='lat' dir='ltr'>si</span> <span class='ocrx_word' id='word_1_210' title='bbox 632 3515 779 3584; x_wconf 90' lang='lat' dir='ltr'>ponatur</span> <span class='ocrx_word' id='word_1_211' title='bbox 802 3506 892 3566; x_wconf 90' lang='lat' dir='ltr'>idem</span> <span class='ocrx_word' id='word_1_212' title='bbox 921 3507 1107 3567; x_wconf 89' lang='lat' dir='ltr'>nutrimen·</span> 
     </span>
     <span class='ocr_line' id='line_1_32' title="bbox 144 3610 1105 3673; baseline 0.001 -2"><span class='ocrx_word' id='word_1_213' title='bbox 144 3618 217 3671; x_wconf 85' lang='lat' dir='ltr'>tum</span> <span class='ocrx_word' id='word_1_214' title='bbox 241 3611 276 3672; x_wconf 92' lang='lat' dir='ltr'>in</span> <span class='ocrx_word' id='word_1_215' title='bbox 300 3611 447 3673; x_wconf 90' lang='lat' dir='ltr'>diversis</span> <span class='ocrx_word' id='word_1_216' title='bbox 486 3610 571 3671; x_wconf 90' lang='lat' dir='ltr'>locis</span> <span class='ocrx_word' id='word_1_217' title='bbox 604 3622 638 3671; x_wconf 90' lang='lat' dir='ltr'>et</span> <span class='ocrx_word' id='word_1_218' title='bbox 672 3613 870 3672; x_wconf 87' lang='lat' dir='ltr'>comedatur</span> <span class='ocrx_word' id='word_1_219' title='bbox 903 3632 924 3671; x_wconf 92' lang='lat' dir='ltr'>a</span> <span class='ocrx_word' id='word_1_220' title='bbox 957 3612 1105 3673; x_wconf 87' lang='lat' dir='ltr'>diversis</span> 
     </span>
    </p>
   </div>
   <div class='ocr_carea' id='block_1_3' title="bbox 0 0 1304 4200">
    <p class='ocr_par' dir='ltr' id='par_1_7' title="bbox 0 0 1304 4200">
     <span class='ocr_line' id='line_1_33' title="bbox 0 0 1304 4200; baseline 0 2"><span class='ocrx_word' id='word_1_221' title='bbox 0 0 1304 4200; x_wconf 95' lang='lat' dir='ltr'> </span> 
     </span>
    </p>
   </div>
  </div>
 </body>
</html>
