2600 4200
326 294 515 358 Drsrmcr.
539 294 608 358 XV
631 293 819 377 Quam
993 315 1051 377 123

117 499 369 580 apprehensione
403 499 555 576 interiori,
578 509 611 564 et
634 499 672 563 fit
706 500 889 584 frequenter
924 503 992 566 sine
1020 504 1075 566 lae-

118 603 192 668 sione
217 605 338 680 carnis,
362 605 438 688 quia
461 605 499 671 fit
521 627 579 690 per
602 607 871 690 imaginationem
906 619 938 672 et
961 631 1074 692 appre-

119 710 302 776 hensionem
325 713 564 796 intellectivam;
590 715 678 777 unde
693 713 846 778 definitur
858 715 924 778 sic:
948 717 1076 780 tristitia

118 826 157 880 est
174 819 281 882 animi
315 819 479 882 dissensus
500 820 543 883 ab
566 819 617 884 his
650 841 727 902 quae
763 822 856 885 nobis
890 823 1077 888 nolentibus
1127 845 1129 853 ·

120 926 274 990 accidunt.

172 1032 235 1095 Ad
248 1034 451 1115 propositum
474 1035 590 1097 dicitur
624 1036 715 1116 quod
739 1035 764 1097 si
795 1035 951 1118 accipitur
983 1038 1075 1100 dolor

120 1139 164 1218 qui
185 1150 239 1202 est
261 1160 305 1201 ex
327 1141 585 1223 apprehensione
608 1162 721 1204 sensus
745 1141 886 1205 laesionis
921 1142 1015 1206 lactae
1040 1143 1072 1207 in

119 1264 215 1322 came,
240 1256 320 1308 tunc
342 1246 375 1308 in
400 1246 529 1311 Christo
542 1247 601 1310 suit
624 1269 721 1310 verus
746 1249 849 1324 dolor,
866 1250 943 1330 quia
963 1270 1074 1312 veram

121 1362 262 1415 naturam
286 1353 469 1436 passibilem
483 1354 607 1429 habuit,
632 1354 735 1417 immo
748 1353 808 1417 luit
832 1355 998 1418 maximus
1015 1357 1073 1419 do-

120 1457 169 1533 lor,
180 1469 254 1521 tum
278 1459 356 1542 quia
367 1459 427 1522 fuit
450 1461 634 1523 tenerrimas
647 1462 896 1543 complexionis,
911 1471 982 1524 tum
996 1463 1073 1545 quia

121 1562 172 1628 luit
205 1588 319 1648 passus
341 1566 374 1645 in
399 1568 476 1630 locis
499 1567 645 1630 maxime
680 1568 894 1651 passibilibus,
931 1579 1012 1652 puta
1041 1570 1073 1632 in

121 1670 189 1735 locis
211 1675 364 1749 nervosis
400 1674 520 1736 scilicet
542 1675 575 1736 in
600 1675 751 1738 manibus
774 1683 806 1738 et
830 1675 976 1757 pedibus
1001 1686 1073 1738 tum

120 1779 187 1858 quia
209 1801 322 1843 sensus
344 1781 415 1862 ejus
437 1781 592 1864 vigebant
608 1791 641 1844 et
665 1802 731 1844 non
748 1791 839 1845 erant
852 1783 998 1864 obsorpti
1015 1804 1075 1846 nec

122 1883 210 1949 fiebat
233 1887 478 1950 redundantiaa
495 1888 616 1971 gaudio
639 1889 759 1951 animae
772 1889 805 1951 in
828 1910 956 1971 corpus
975 1889 1073 1953 Unde

122 1991 150 2054 in
163 1995 229 2056 aliis
251 1995 459 2075 martyribus,
476 1989 552 2076 quia
564 1993 663 2058 fiebat
676 1996 747 2058 talis
760 1996 986 2070 redundantia,
1001 1996 1074 2058 ideo

124 2119 183 2161 non
204 2102 247 2164 sic
270 2102 492 2184 patiebantur;
516 2102 621 2165 sedin
646 2102 777 2167 Christo
791 2102 850 2166 suit
874 2103 996 2167 factum
1019 2104 1075 2165 mi-

124 2208 266 2293 raculose,
290 2210 381 2291 quod
404 2210 560 2291 potentiae
583 2210 766 2292 agebantur
790 2212 971 2273 secundum
1000 2231 1074 2291 pro-

65 2375 69 2382 ,
124 2312 221 2392 prium
234 2325 369 2379 motum.
397 2315 431 2379 Si
453 2324 564 2378 autem
577 2315 734 2398 accipitur
758 2317 852 2379 dolor
865 2338 924 2399 pro
939 2316 1073 2391 tristitia,

125 2418 229 2482 dicitur
251 2424 339 2503 quod
363 2422 397 2483 in
420 2422 530 2485 anima
554 2421 675 2486 Christi
698 2432 766 2485 tam
790 2423 823 2485 in
849 2425 998 2505 portione
1025 2446 1073 2485 su-

126 2526 228 2605 periori
250 2549 350 2611 quam
375 2526 515 2591 inferiori
538 2527 599 2591 fuit
622 2530 716 2593 dolor
739 2530 795 2611 qui
819 2540 867 2593 est
891 2530 1026 2593 tristitia.

184 2634 237 2696 Ad
258 2636 352 2719 cujus
363 2635 560 2698 evidentiam
583 2645 633 2699 est
648 2638 832 2699 notandum
856 2638 945 2719 quod
963 2638 1073 2699 volun-

128 2746 171 2801 tas
199 2751 302 2823 potest
335 2742 439 2824 accipi
474 2742 647 2825 dupliciter
670 2744 791 2806 scilicet
822 2764 881 2825 pro
905 2744 1074 2806 voluntate

128 2846 324 2912 deliberativa
347 2860 381 2911 et
404 2869 464 2931 pro
487 2850 656 2913 voluntate
680 2850 839 2913 naturali.
867 2850 901 2915 Si
917 2850 1073 2932 accipitur

129 2953 262 3019 voluntas
283 2977 343 3040 pro
366 2956 581 3018 deliberativa
593 2956 773 3031 voluntate,
798 2956 843 3019 sic
866 2978 933 3019 non
957 2956 1017 3019 fuit
1030 2956 1072 3018 ibi

130 3057 248 3137 tristitia,
271 3063 347 3146 quia
371 3062 497 3125 tristitia
520 3071 569 3125 est
598 3064 640 3125 de
664 3063 786 3141 nolito;
810 3065 866 3126 sed
890 3063 942 3125 illa
966 3064 1073 3145 passio

132 3179 258 3230 nouerat
270 3170 369 3232 nolita
392 3190 412 3231 a
423 3160 591 3232 voluntate
603 3169 813 3232 deliberativa
826 3169 955 3245 Christi,
970 3170 1072 3232 immo

132 3280 189 3333 erat
207 3275 300 3338 volita
322 3274 400 3358 quia
423 3275 475 3337 illa
497 3274 659 3350 voluntas,
684 3296 760 3338 cnm
784 3286 852 3338 erat
876 3287 973 3352 recta,
998 3297 1073 3338 con-

133 3372 312 3445 formabatur
335 3381 462 3464 legibus
494 3381 628 3456 divinis,
654 3383 708 3444 lex
731 3390 841 3455 autem
874 3382 983 3445 divina
1006 3384 1073 3446 dic-

132 3483 208 3548 tabat
228 3487 408 3569 passionem
431 3487 520 3550 illam
543 3508 613 3551 esse
646 3490 839 3569 volendam3
864 3510 943 3571 ergo
969 3498 1004 3552 ut
1028 3490 1073 3553 sic

133 3592 262 3656 nonfuit
283 3595 325 3659 ibi
361 3594 497 3658 tristitia.
525 3594 560 3659 Si
594 3604 705 3658 autem
729 3595 886 3677 accipitur
914 3597 1072 3679 ¹voluntas

133 3712 184 3774 pro
202 3700 361 3766 uoluntate
373 3700 526 3765 naturali
534 3700 715 3765 secundum
735 3701 919 3783 portionem
932 3702 1073 3782 superio
