2600 4200
227 262 292 326 234
494 246 568 309 Lm.
593 246 638 309 111
662 245 957 310 Suumumnnun

204 460 312 515 careat
334 451 396 514 alia
420 450 635 533 perfectione;
660 471 741 533 ergo
770 450 891 532 aliquis
912 457 1024 531 potest
1046 449 1175 513 habere

205 579 304 621 unam
328 558 482 621 virtutem
506 558 538 621 in
562 578 705 632 summ0,
730 558 808 620 dato
831 557 923 638 quod
957 576 1023 619 non
1047 555 1176 619 habeat

202 665 290 728 aliaS.
314 666 431 728 Minor
453 665 635 727 declaratur
658 665 691 727 in
715 664 890 745 exemplo:
923 684 1000 725 nam
1023 662 1110 725 visus
1131 673 1175 726 et

202 771 333 835 auditus
355 780 432 834 sunt
455 770 668 854 perfectiones
691 770 832 837 hominis
867 770 1027 853 partiales,
1050 777 1083 831 et
1105 790 1172 851 po-

202 887 265 941 test
288 878 389 940 homo
414 877 554 960 perfecte
578 878 699 940 habere
721 897 853 939 sensum
877 875 965 939 visus
988 877 1109 958 absque
1123 896 1173 940 eo

202 986 292 1067 quod
317 984 436 1047 habeat
459 1004 591 1048 sensum
615 985 755 1047 auditus.
1257 963 1262 974 ⁴

267 1086 424 1163 Dicitur,
454 1108 546 1177 ergo
583 1087 638 1158 ad
671 1087 916 1177 quoestzbnem
951 1089 1050 1163 aliter,
1074 1091 1170 1170 quod

200 1196 336 1260 virtutes
371 1200 509 1260 morales
543 1206 682 1279 possunt
715 1196 817 1277 accipi
853 1196 902 1258 vel
938 1206 1097 1277 quantum
1120 1198 1169 1259 ad

199 1324 264 1367 esse
286 1305 336 1367 vel
360 1314 522 1386 quantum
545 1304 588 1367 ad
614 1304 810 1368 corrservari.
836 1302 1007 1384 Quantum
1031 1303 1073 1364 ad
1094 1322 1170 1366 esse

199 1410 343 1492 quidem,
368 1432 433 1473 non
458 1411 635 1474 necessario
659 1420 735 1473 sunt
758 1430 927 1483 connexae,
946 1419 983 1472 ut
999 1417 1087 1491 patet
1106 1429 1169 1489 per

199 1527 394 1599 argumenta
417 1527 531 1581 contra
555 1519 794 1599 praecedentem
826 1517 1024 1598 opinionem.
1050 1515 1168 1597 Quan-

198 1632 271 1686 tum
294 1633 404 1686 autem
429 1626 471 1687 ad
495 1625 687 1699 conservari,
711 1624 757 1686 sic
779 1644 814 1686 se
837 1624 960 1686 habent
986 1622 1075 1704 quod
1098 1642 1170 1685 una

198 1729 301 1793 virtus
325 1752 389 1793 non
414 1731 468 1793 diu
494 1731 590 1793 durat
613 1732 680 1793 sine
703 1732 774 1793 alia.

266 1833 332 1905 Ad
347 1835 523 1923 primum
547 1848 658 1901 autem
693 1837 823 1900 alterius
857 1836 1018 1919 opinionis
1048 1845 1096 1899 est
1118 1837 1168 1897 di·

198 1944 350 2027 cendum,
375 1945 464 2025 quod
489 1944 598 2018 virtus,
634 1953 691 2007 aut
725 1944 881 2026 accipitur
915 1943 1096 2005 secundum
1117 1963 1165 2019 se,

196 2058 254 2114 aut
278 2071 344 2114 non
367 2051 399 2114 in
417 2052 661 2135 comparatione
676 2052 717 2114 ad
735 2050 925 2134 potentiam.
941 2050 1057 2114 Primo
1072 2050 1168 2112 modo

198 2177 264 2220 non
287 2159 485 2240 compatitur
519 2179 630 2221 secum
665 2159 809 2240 aliquam
844 2158 1081 2240 obliquitatem,
1115 2179 1166 2221 se-

197 2266 301 2327 cundo
325 2286 402 2327 vero
426 2266 517 2328 modo
542 2275 741 2348 potestesse
765 2265 940 2347 obliquitas
962 2265 994 2326 in
1018 2264 1167 2346 potentia

198 2390 255 2452 per
278 2372 436 2445 accidenS,
461 2373 626 2453 quianon
652 2373 775 2435 ratione
810 2372 937 2434 virtutis
970 2391 1069 2453 quam
1106 2371 1165 2433 ha-

197 2478 262 2552 bet,
285 2479 341 2540 sed
365 2478 489 2540 ratione
512 2479 641 2541 alterius
676 2479 803 2542 virtutis
837 2499 904 2560 qua
938 2478 1082 2560 privatur
1105 2499 1164 2540 seu

195 2605 297 2666 quam
322 2605 389 2647 non
414 2584 521 2647 habet.

263 2691 320 2752 nd
339 2693 714 2762 secundnmdicendum
737 2702 786 2755 est
808 2694 925 2755 eodem
942 2693 1059 2768 modo;
1085 2712 1163 2754 narn

195 2796 296 2859 virtus
319 2806 367 2860 est
390 2798 586 2880 principium
611 2799 767 2880 operandi
798 2799 1038 2870 delectabiliter,
1062 2819 1165 2880 quan·

195 2913 266 2966 tum
283 2914 333 2966 est
356 2905 396 2965 de
420 2925 462 2966 se.
489 2904 522 2969 Si
543 2914 652 2967 autem
671 2926 736 2967 non
754 2914 906 2986 operatur
921 2905 1162 2979 delectabiliter,

197 3009 260 3072 hoc
285 3031 349 3072 non
376 3020 425 3072 est
459 3012 582 3073 ratione
617 3012 665 3074 sui
701 3013 757 3074 sed
792 3033 849 3094 per
883 3011 1061 3085 acccidenS,
1086 3012 1163 3094 quia

194 3126 321 3179 caretur
344 3117 452 3198 aliqua
475 3119 603 3180 virtute.

261 3225 319 3286 Ad
340 3223 471 3286 tertium
497 3226 672 3288 dicendum
696 3226 786 3307 quod
809 3226 844 3305 ly
867 3247 959 3288 omne
981 3234 1090 3307 potest
1112 3245 1162 3288 ac-

197 3328 259 3411 cipi
271 3329 480 3393 distributive
496 3341 551 3395 aut
567 3333 737 3396 collective.
755 3332 788 3396 Si
806 3333 912 3414 primo
928 3332 1038 3407 m0d0,
1056 3335 1165 3416 major

197 3445 246 3498 est
269 3436 356 3510 falsa,
381 3438 458 3518 quia
482 3459 546 3501 non
567 3440 683 3512 omniS,
701 3441 782 3502 idest
798 3460 864 3502 non
880 3439 1033 3521 quaelibet
1049 3439 1160 3516 virtus,

193 3563 250 3624 per
268 3563 305 3605 ·se
328 3544 418 3606 ducit
453 3546 495 3607 ad
533 3545 686 3608 ultimum
722 3546 831 3611 finem.
867 3546 901 3609 Si
936 3556 1047 3608 autem
1082 3546 1163 3608 acci-

195 3649 301 3731 piatur
325 3651 388 3712 alio
416 3653 516 3715 modo
539 3660 618 3714 tunc
643 3655 750 3736 masor
770 3663 819 3717 est
842 3673 927 3728 vera,
943 3653 1001 3716 sed
1025 3673 1092 3716 non
1116 3662 1166 3717 est
