<?xml version="1.0" encoding="UTF-8"?>
<!DOCTYPE html PUBLIC "-//W3C//DTD XHTML 1.0 Transitional//EN"
    "http://www.w3.org/TR/xhtml1/DTD/xhtml1-transitional.dtd">
<html xmlns="http://www.w3.org/1999/xhtml" xml:lang="en" lang="en">
 <head>
  <title>
</title>
<meta http-equiv="Content-Type" content="text/html;charset=utf-8" />
  <meta name='ocr-system' content='tesseract 3.04.00' />
  <meta name='ocr-capabilities' content='ocr_page ocr_carea ocr_par ocr_line ocrx_word'/>
</head>
<body>
  <div class='ocr_page' id='page_1' title='image "./commentariainli02scotgoog_0174.png"; bbox 0 0 2600 4200; ppageno 0'>
   <div class='ocr_carea' id='block_1_1' title="bbox 232 252 966 333">
    <p class='ocr_par' dir='ltr' id='par_1_1' title="bbox 232 252 966 333">
     <span class='ocr_line' id='line_1_1' title="bbox 232 252 966 333; baseline 0.003 -17"><span class='ocrx_word' id='word_1_1' title='bbox 232 255 294 333; x_wconf 84' lang='lat'>158</span> <span class='ocrx_word' id='word_1_2' title='bbox 498 253 573 316; x_wconf 82' lang='lat' dir='ltr'>Lm.</span> <span class='ocrx_word' id='word_1_3' title='bbox 598 255 646 317; x_wconf 87' lang='lat'>111</span> <span class='ocrx_word' id='word_1_4' title='bbox 670 252 966 318; x_wconf 78' lang='lat' dir='ltr'>Sanannrmnurr</span> 
     </span>
    </p>
   </div>
   <div class='ocr_carea' id='block_1_2' title="bbox 230 459 1193 1055">
    <p class='ocr_par' dir='ltr' id='par_1_2' title="bbox 230 459 1193 1055">
     <span class='ocr_line' id='line_1_2' title="bbox 297 459 1190 542; baseline 0 -20"><span class='ocrx_word' id='word_1_5' title='bbox 297 461 532 524; x_wconf 82' lang='lat' dir='ltr'><strong>RESPONDEO.</strong></span> <span class='ocrx_word' id='word_1_6' title='bbox 567 460 604 522; x_wconf 94' lang='lat' dir='ltr'>In</span> <span class='ocrx_word' id='word_1_7' title='bbox 639 459 700 522; x_wconf 88' lang='lat' dir='ltr'>ista</span> <span class='ocrx_word' id='word_1_8' title='bbox 734 459 914 542; x_wconf 82' lang='lat' dir='ltr'>quaestione</span> <span class='ocrx_word' id='word_1_9' title='bbox 949 460 1103 523; x_wconf 88' lang='lat' dir='ltr'>dicuntur</span> <span class='ocrx_word' id='word_1_10' title='bbox 1127 462 1190 524; x_wconf 89' lang='lat' dir='ltr'>tria.</span> 
     </span>
     <span class='ocr_line' id='line_1_3' title="bbox 230 565 1192 652; baseline 0.002 -24"><span class='ocrx_word' id='word_1_11' title='bbox 230 567 356 638; x_wconf 83' lang='lat' dir='ltr'>Primo,</span> <span class='ocrx_word' id='word_1_12' title='bbox 384 567 536 648; x_wconf 90' lang='lat' dir='ltr'>quidest</span> <span class='ocrx_word' id='word_1_13' title='bbox 560 565 762 648; x_wconf 82' lang='lat' dir='ltr'>putrefactio.</span> <span class='ocrx_word' id='word_1_14' title='bbox 788 565 944 640; x_wconf 81' lang='lat' dir='ltr'>Secundo,</span> <span class='ocrx_word' id='word_1_15' title='bbox 965 569 1056 649; x_wconf 90' lang='lat' dir='ltr'>quod</span> <span class='ocrx_word' id='word_1_16' title='bbox 1080 589 1192 652; x_wconf 89' lang='lat' dir='ltr'>corpus</span> 
     </span>
     <span class='ocr_line' id='line_1_4' title="bbox 230 671 1192 755; baseline 0 -17"><span class='ocrx_word' id='word_1_17' title='bbox 230 673 350 738; x_wconf 87' lang='lat' dir='ltr'>Christi</span> <span class='ocrx_word' id='word_1_18' title='bbox 374 694 440 735; x_wconf 94' lang='lat' dir='ltr'>non</span> <span class='ocrx_word' id='word_1_19' title='bbox 465 672 576 736; x_wconf 89' lang='lat' dir='ltr'>fuisset</span> <span class='ocrx_word' id='word_1_20' title='bbox 604 671 823 755; x_wconf 87' lang='lat' dir='ltr'>putrefactum</span> <span class='ocrx_word' id='word_1_21' title='bbox 858 673 884 735; x_wconf 82' lang='lat' dir='ltr'>si</span> <span class='ocrx_word' id='word_1_22' title='bbox 919 675 1109 737; x_wconf 88' lang='lat' dir='ltr'>resurrectio</span> <span class='ocrx_word' id='word_1_23' title='bbox 1133 697 1192 738; x_wconf 92' lang='lat' dir='ltr'>non</span> 
     </span>
     <span class='ocr_line' id='line_1_5' title="bbox 232 778 1193 870; baseline 0.003 -29"><span class='ocrx_word' id='word_1_24' title='bbox 232 778 342 842; x_wconf 86' lang='lat' dir='ltr'>fuisset</span> <span class='ocrx_word' id='word_1_25' title='bbox 364 781 551 843; x_wconf 85' lang='lat' dir='ltr'>accelerata.</span> <span class='ocrx_word' id='word_1_26' title='bbox 583 780 699 852; x_wconf 78' lang='lat' dir='ltr'>Tertia,</span> <span class='ocrx_word' id='word_1_27' title='bbox 727 801 827 862; x_wconf 86' lang='lat' dir='ltr'>quare</span> <span class='ocrx_word' id='word_1_28' title='bbox 850 801 969 862; x_wconf 90' lang='lat' dir='ltr'>corpus</span> <span class='ocrx_word' id='word_1_29' title='bbox 985 781 1108 870; x_wconf 53' lang='lat' dir='ltr'>‚Christi</span> <span class='ocrx_word' id='word_1_30' title='bbox 1134 803 1193 844; x_wconf 91' lang='lat' dir='ltr'>non</span> 
     </span>
     <span class='ocr_line' id='line_1_6' title="bbox 232 885 1193 975; baseline 0.003 -28"><span class='ocrx_word' id='word_1_31' title='bbox 232 885 343 949; x_wconf 91' lang='lat' dir='ltr'>fuisset</span> <span class='ocrx_word' id='word_1_32' title='bbox 366 885 585 975; x_wconf 77' lang='lat' dir='ltr'>putrefactum</span> <span class='ocrx_word' id='word_1_33' title='bbox 610 886 636 948; x_wconf 89' lang='lat' dir='ltr'>si</span> <span class='ocrx_word' id='word_1_34' title='bbox 660 887 849 948; x_wconf 86' lang='lat' dir='ltr'>resurrectio</span> <span class='ocrx_word' id='word_1_35' title='bbox 881 906 947 949; x_wconf 93' lang='lat' dir='ltr'>non</span> <span class='ocrx_word' id='word_1_36' title='bbox 978 886 1089 950; x_wconf 89' lang='lat' dir='ltr'>fuisset</span> <span class='ocrx_word' id='word_1_37' title='bbox 1111 908 1193 950; x_wconf 86' lang='lat' dir='ltr'>accc·</span> 
     </span>
     <span class='ocr_line' id='line_1_7' title="bbox 233 994 341 1055; baseline 0.009 -1"><span class='ocrx_word' id='word_1_38' title='bbox 233 994 341 1055; x_wconf 89' lang='lat' dir='ltr'>lerata.</span> 
     </span>
    </p>
   </div>
   <div class='ocr_carea' id='block_1_3' title="bbox 152 1205 1192 2248">
    <p class='ocr_par' dir='ltr' id='par_1_3' title="bbox 152 1205 1192 2248">
     <span class='ocr_line' id='line_1_8' title="bbox 307 1205 1192 1292; baseline -0.001 -21"><span class='ocrx_word' id='word_1_39' title='bbox 307 1205 531 1292; x_wconf 73' lang='lat' dir='ltr'>Quantum</span> <span class='ocrx_word' id='word_1_40' title='bbox 563 1208 629 1273; x_wconf 83' lang='lat' dir='ltr'>ad</span> <span class='ocrx_word' id='word_1_41' title='bbox 640 1207 846 1291; x_wconf 73' lang='lat' dir='ltr'>primum</span> <span class='ocrx_word' id='word_1_42' title='bbox 879 1207 995 1272; x_wconf 87' lang='lat' dir='ltr'>dieitur</span> <span class='ocrx_word' id='word_1_43' title='bbox 1029 1209 1118 1290; x_wconf 89' lang='lat' dir='ltr'>quod</span> <span class='ocrx_word' id='word_1_44' title='bbox 1142 1229 1192 1290; x_wconf 90' lang='lat' dir='ltr'>pu-</span> 
     </span>
     <span class='ocr_line' id='line_1_9' title="bbox 232 1313 1190 1396; baseline -0.001 -20"><span class='ocrx_word' id='word_1_45' title='bbox 232 1313 382 1376; x_wconf 88' lang='lat' dir='ltr'>trefactio</span> <span class='ocrx_word' id='word_1_46' title='bbox 405 1322 453 1376; x_wconf 91' lang='lat' dir='ltr'>est</span> <span class='ocrx_word' id='word_1_47' title='bbox 477 1315 645 1396; x_wconf 85' lang='lat' dir='ltr'>corruptio</span> <span class='ocrx_word' id='word_1_48' title='bbox 668 1315 888 1396; x_wconf 85' lang='lat' dir='ltr'>proportionis</span> <span class='ocrx_word' id='word_1_49' title='bbox 906 1315 1140 1378; x_wconf 87' lang='lat' dir='ltr'>elementorum</span> <span class='ocrx_word' id='word_1_50' title='bbox 1163 1316 1190 1376; x_wconf 92' lang='lat' dir='ltr'>in</span> 
     </span>
     <span class='ocr_line' id='line_1_10' title="bbox 235 1420 1191 1503; baseline 0.001 -21"><span class='ocrx_word' id='word_1_51' title='bbox 235 1421 342 1482; x_wconf 90' lang='lat' dir='ltr'>mixto</span> <span class='ocrx_word' id='word_1_52' title='bbox 366 1442 422 1501; x_wconf 93' lang='lat' dir='ltr'>per</span> <span class='ocrx_word' id='word_1_53' title='bbox 446 1420 690 1482; x_wconf 86' lang='lat' dir='ltr'>exhalationem</span> <span class='ocrx_word' id='word_1_54' title='bbox 709 1420 836 1483; x_wconf 90' lang='lat' dir='ltr'>humidi</span> <span class='ocrx_word' id='word_1_55' title='bbox 860 1421 1076 1484; x_wconf 87' lang='lat' dir='ltr'>continuantis</span> <span class='ocrx_word' id='word_1_56' title='bbox 1091 1432 1191 1503; x_wconf 88' lang='lat' dir='ltr'>partes</span> 
     </span>
     <span class='ocr_line' id='line_1_11' title="bbox 234 1526 1189 1608; baseline 0.004 -20"><span class='ocrx_word' id='word_1_57' title='bbox 234 1528 266 1588; x_wconf 94' lang='lat' dir='ltr'>in</span> <span class='ocrx_word' id='word_1_58' title='bbox 292 1528 398 1588; x_wconf 82' lang='lat' dir='ltr'>mixto</span> <span class='ocrx_word' id='word_1_59' title='bbox 422 1526 508 1589; x_wconf 88' lang='lat' dir='ltr'>facta</span> <span class='ocrx_word' id='word_1_60' title='bbox 531 1547 574 1588; x_wconf 84' lang='lat' dir='ltr'>ex</span> <span class='ocrx_word' id='word_1_61' title='bbox 598 1529 761 1590; x_wconf 84' lang='lat' dir='ltr'>caliditate</span> <span class='ocrx_word' id='word_1_62' title='bbox 784 1528 928 1608; x_wconf 91' lang='lat' dir='ltr'>corporis</span> <span class='ocrx_word' id='word_1_63' title='bbox 951 1528 1189 1592; x_wconf 87' lang='lat' dir='ltr'>circumstantis.</span> 
     </span>
     <span class='ocr_line' id='line_1_12' title="bbox 235 1634 1189 1716; baseline -0.001 -21"><span class='ocrx_word' id='word_1_64' title='bbox 235 1634 280 1695; x_wconf 89' lang='lat' dir='ltr'>Et</span> <span class='ocrx_word' id='word_1_65' title='bbox 291 1643 339 1695; x_wconf 94' lang='lat' dir='ltr'>est</span> <span class='ocrx_word' id='word_1_66' title='bbox 352 1634 424 1696; x_wconf 90' lang='lat' dir='ltr'>talis</span> <span class='ocrx_word' id='word_1_67' title='bbox 437 1635 518 1696; x_wconf 90' lang='lat' dir='ltr'>ordo</span> <span class='ocrx_word' id='word_1_68' title='bbox 531 1651 608 1696; x_wconf 92' lang='lat' dir='ltr'>nam</span> <span class='ocrx_word' id='word_1_69' title='bbox 622 1635 730 1715; x_wconf 90' lang='lat' dir='ltr'>primo</span> <span class='ocrx_word' id='word_1_70' title='bbox 747 1635 888 1696; x_wconf 89' lang='lat' dir='ltr'>calidum</span> <span class='ocrx_word' id='word_1_71' title='bbox 906 1635 1049 1716; x_wconf 83' lang='lat' dir='ltr'>corporis</span> <span class='ocrx_word' id='word_1_72' title='bbox 1066 1635 1189 1698; x_wconf 88' lang='lat' dir='ltr'>circum·</span> 
     </span>
     <span class='ocr_line' id='line_1_13' title="bbox 234 1740 1189 1824; baseline 0.001 -23"><span class='ocrx_word' id='word_1_73' title='bbox 234 1741 349 1802; x_wconf 87' lang='lat' dir='ltr'>stantis</span> <span class='ocrx_word' id='word_1_74' title='bbox 365 1741 474 1802; x_wconf 89' lang='lat' dir='ltr'>educit</span> <span class='ocrx_word' id='word_1_75' title='bbox 487 1740 660 1802; x_wconf 90' lang='lat' dir='ltr'>humidum</span> <span class='ocrx_word' id='word_1_76' title='bbox 676 1741 820 1821; x_wconf 89' lang='lat' dir='ltr'>corporis</span> <span class='ocrx_word' id='word_1_77' title='bbox 832 1741 921 1824; x_wconf 90' lang='lat' dir='ltr'>quod</span> <span class='ocrx_word' id='word_1_78' title='bbox 935 1743 1088 1823; x_wconf 87' lang='lat' dir='ltr'>putrescit</span> <span class='ocrx_word' id='word_1_79' title='bbox 1102 1743 1130 1804; x_wconf 93' lang='lat' dir='ltr'>in</span> <span class='ocrx_word' id='word_1_80' title='bbox 1142 1761 1189 1802; x_wconf 90' lang='lat' dir='ltr'>su·</span> 
     </span>
     <span class='ocr_line' id='line_1_14' title="bbox 235 1846 1191 1928; baseline 0 -20"><span class='ocrx_word' id='word_1_81' title='bbox 235 1846 365 1928; x_wconf 87' lang='lat' dir='ltr'>perficie</span> <span class='ocrx_word' id='word_1_82' title='bbox 380 1847 424 1908; x_wconf 90' lang='lat' dir='ltr'>ad</span> <span class='ocrx_word' id='word_1_83' title='bbox 439 1867 541 1928; x_wconf 89' lang='lat' dir='ltr'>quam</span> <span class='ocrx_word' id='word_1_84' title='bbox 559 1847 704 1928; x_wconf 90' lang='lat' dir='ltr'>sequitur</span> <span class='ocrx_word' id='word_1_85' title='bbox 721 1846 913 1928; x_wconf 86' lang='lat' dir='ltr'>putrefactio</span> <span class='ocrx_word' id='word_1_86' title='bbox 930 1858 962 1910; x_wconf 88' lang='lat' dir='ltr'>et</span> <span class='ocrx_word' id='word_1_87' title='bbox 975 1850 1106 1910; x_wconf 90' lang='lat' dir='ltr'>demum</span> <span class='ocrx_word' id='word_1_88' title='bbox 1123 1847 1191 1909; x_wconf 86' lang='lat' dir='ltr'>inci-</span> 
     </span>
     <span class='ocr_line' id='line_1_15' title="bbox 152 1953 1189 2038; baseline 0 -24"><span class='ocrx_word' id='word_1_89' title='bbox 152 2032 156 2038; x_wconf 20' lang='lat'><em>*</em></span> <span class='ocrx_word' id='word_1_90' title='bbox 237 1953 368 2014; x_wconf 90' lang='lat' dir='ltr'>neratio.</span> <span class='ocrx_word' id='word_1_91' title='bbox 385 1953 458 2014; x_wconf 92' lang='lat' dir='ltr'>Hoc</span> <span class='ocrx_word' id='word_1_92' title='bbox 472 1962 579 2015; x_wconf 89' lang='lat' dir='ltr'>totum</span> <span class='ocrx_word' id='word_1_93' title='bbox 593 1963 730 2034; x_wconf 87' lang='lat' dir='ltr'>apparet</span> <span class='ocrx_word' id='word_1_94' title='bbox 742 1955 774 2016; x_wconf 91' lang='lat' dir='ltr'>in</span> <span class='ocrx_word' id='word_1_95' title='bbox 791 1955 980 2035; x_wconf 90' lang='lat' dir='ltr'>corporibus</span> <span class='ocrx_word' id='word_1_96' title='bbox 994 1965 1189 2017; x_wconf 88' lang='lat' dir='ltr'>mortuorum</span> 
     </span>
     <span class='ocr_line' id='line_1_16' title="bbox 236 2059 1189 2143; baseline 0.002 -22"><span class='ocrx_word' id='word_1_97' title='bbox 236 2079 311 2141; x_wconf 86' lang='lat' dir='ltr'>quae</span> <span class='ocrx_word' id='word_1_98' title='bbox 336 2060 442 2141; x_wconf 92' lang='lat' dir='ltr'>primo</span> <span class='ocrx_word' id='word_1_99' title='bbox 466 2060 498 2122; x_wconf 93' lang='lat' dir='ltr'>in</span> <span class='ocrx_word' id='word_1_100' title='bbox 522 2059 691 2142; x_wconf 85' lang='lat' dir='ltr'>superficie</span> <span class='ocrx_word' id='word_1_101' title='bbox 727 2060 964 2136; x_wconf 86' lang='lat' dir='ltr'>humectantur,</span> <span class='ocrx_word' id='word_1_102' title='bbox 1000 2079 1189 2143; x_wconf 88' lang='lat' dir='ltr'>consequen·</span> 
     </span>
     <span class='ocr_line' id='line_1_17' title="bbox 235 2169 966 2248; baseline 0.005 -21"><span class='ocrx_word' id='word_1_103' title='bbox 235 2176 284 2228; x_wconf 90' lang='lat' dir='ltr'>ter</span> <span class='ocrx_word' id='word_1_104' title='bbox 308 2175 499 2248; x_wconf 86' lang='lat' dir='ltr'>putrescunt</span> <span class='ocrx_word' id='word_1_105' title='bbox 522 2178 555 2229; x_wconf 90' lang='lat' dir='ltr'>et</span> <span class='ocrx_word' id='word_1_106' title='bbox 578 2169 714 2230; x_wconf 88' lang='lat' dir='ltr'>demum</span> <span class='ocrx_word' id='word_1_107' title='bbox 739 2169 966 2231; x_wconf 88' lang='lat' dir='ltr'>incinerantur.</span> 
     </span>
    </p>
   </div>
   <div class='ocr_carea' id='block_1_4' title="bbox 238 2378 1188 2573">
    <p class='ocr_par' dir='ltr' id='par_1_4' title="bbox 238 2378 1188 2573">
     <span class='ocr_line' id='line_1_18' title="bbox 311 2378 1188 2465; baseline -0.001 -20"><span class='ocrx_word' id='word_1_108' title='bbox 311 2378 537 2465; x_wconf 69' lang='lat' dir='ltr'>(lactantum</span> <span class='ocrx_word' id='word_1_109' title='bbox 573 2382 638 2447; x_wconf 83' lang='lat' dir='ltr'>ad</span> <span class='ocrx_word' id='word_1_110' title='bbox 670 2385 912 2449; x_wconf 72' lang='lat' dir='ltr'>seeundum</span> <span class='ocrx_word' id='word_1_111' title='bbox 948 2382 1188 2449; x_wconf 72' lang='lat' dir='ltr'>Articulum</span> 
     </span>
     <span class='ocr_line' id='line_1_19' title="bbox 238 2487 1187 2573; baseline -0.001 -25"><span class='ocrx_word' id='word_1_112' title='bbox 238 2487 355 2548; x_wconf 90' lang='lat' dir='ltr'>dicitur</span> <span class='ocrx_word' id='word_1_113' title='bbox 378 2488 468 2568; x_wconf 91' lang='lat' dir='ltr'>quod</span> <span class='ocrx_word' id='word_1_114' title='bbox 485 2508 603 2568; x_wconf 90' lang='lat' dir='ltr'>corpus</span> <span class='ocrx_word' id='word_1_115' title='bbox 623 2488 743 2552; x_wconf 88' lang='lat' dir='ltr'>Christi</span> <span class='ocrx_word' id='word_1_116' title='bbox 759 2510 824 2552; x_wconf 93' lang='lat' dir='ltr'>non</span> <span class='ocrx_word' id='word_1_117' title='bbox 849 2489 959 2553; x_wconf 85' lang='lat' dir='ltr'>fuisset</span> <span class='ocrx_word' id='word_1_118' title='bbox 982 2489 1187 2573; x_wconf 88' lang='lat' dir='ltr'>putrefactum</span> 
     </span>
    </p>
   </div>
   <div class='ocr_carea' id='block_1_5' title="bbox 238 2593 1190 3533">
    <p class='ocr_par' dir='ltr' id='par_1_5' title="bbox 238 2593 1190 3102">
     <span class='ocr_line' id='line_1_20' title="bbox 238 2593 1189 2679; baseline 0 -25"><span class='ocrx_word' id='word_1_119' title='bbox 238 2593 316 2674; x_wconf 86' lang='lat' dir='ltr'>quia</span> <span class='ocrx_word' id='word_1_120' title='bbox 340 2594 533 2675; x_wconf 83' lang='lat' dir='ltr'>putrefactio</span> <span class='ocrx_word' id='word_1_121' title='bbox 556 2604 605 2657; x_wconf 91' lang='lat' dir='ltr'>est</span> <span class='ocrx_word' id='word_1_122' title='bbox 628 2616 685 2676; x_wconf 89' lang='lat' dir='ltr'>per</span> <span class='ocrx_word' id='word_1_123' title='bbox 709 2596 772 2658; x_wconf 88' lang='lat' dir='ltr'>hoc</span> <span class='ocrx_word' id='word_1_124' title='bbox 806 2596 896 2678; x_wconf 91' lang='lat' dir='ltr'>quod</span> <span class='ocrx_word' id='word_1_125' title='bbox 920 2597 951 2658; x_wconf 90' lang='lat' dir='ltr'>in</span> <span class='ocrx_word' id='word_1_126' title='bbox 976 2618 1109 2679; x_wconf 86' lang='lat' dir='ltr'>corpore</span> <span class='ocrx_word' id='word_1_127' title='bbox 1131 2612 1189 2656; x_wconf 91' lang='lat' dir='ltr'>non</span> 
     </span>
     <span class='ocr_line' id='line_1_21' title="bbox 239 2702 1187 2783; baseline 0.001 -22"><span class='ocrx_word' id='word_1_128' title='bbox 239 2710 287 2761; x_wconf 89' lang='lat' dir='ltr'>est</span> <span class='ocrx_word' id='word_1_129' title='bbox 303 2702 411 2783; x_wconf 87' lang='lat' dir='ltr'>aliqua</span> <span class='ocrx_word' id='word_1_130' title='bbox 424 2702 526 2763; x_wconf 89' lang='lat' dir='ltr'>virtus</span> <span class='ocrx_word' id='word_1_131' title='bbox 545 2702 716 2765; x_wconf 89' lang='lat' dir='ltr'>continens</span> <span class='ocrx_word' id='word_1_132' title='bbox 727 2704 887 2766; x_wconf 87' lang='lat' dir='ltr'>elementa</span> <span class='ocrx_word' id='word_1_133' title='bbox 901 2725 943 2766; x_wconf 74' lang='lat' dir='ltr'>ex</span> <span class='ocrx_word' id='word_1_134' title='bbox 956 2723 984 2766; x_wconf 87' lang='lat'>1.</span> <span class='ocrx_word' id='word_1_135' title='bbox 1002 2706 1042 2767; x_wconf 77' lang='lat' dir='ltr'>de</span> <span class='ocrx_word' id='word_1_136' title='bbox 1053 2703 1169 2765; x_wconf 79' lang='lat' dir='ltr'>Anima</span> <span class='ocrx_word' id='word_1_137' title='bbox 1176 2722 1187 2769; x_wconf 80' lang='grc'>,-</span> 
     </span>
     <span class='ocr_line' id='line_1_22' title="bbox 240 2806 1189 2890; baseline -0.002 -23"><span class='ocrx_word' id='word_1_138' title='bbox 240 2806 296 2867; x_wconf 90' lang='lat' dir='ltr'>sed</span> <span class='ocrx_word' id='word_1_139' title='bbox 321 2806 352 2869; x_wconf 90' lang='lat' dir='ltr'>in</span> <span class='ocrx_word' id='word_1_140' title='bbox 377 2828 513 2889; x_wconf 90' lang='lat' dir='ltr'>corpore</span> <span class='ocrx_word' id='word_1_141' title='bbox 538 2807 656 2871; x_wconf 88' lang='lat' dir='ltr'>Christi</span> <span class='ocrx_word' id='word_1_142' title='bbox 681 2810 787 2890; x_wconf 90' lang='lat' dir='ltr'>potuit</span> <span class='ocrx_word' id='word_1_143' title='bbox 810 2830 879 2873; x_wconf 87' lang='lat' dir='ltr'>esse</span> <span class='ocrx_word' id='word_1_144' title='bbox 902 2820 934 2873; x_wconf 88' lang='lat' dir='ltr'>et</span> <span class='ocrx_word' id='word_1_145' title='bbox 969 2812 1009 2872; x_wconf 92' lang='lat' dir='ltr'>de</span> <span class='ocrx_word' id='word_1_146' title='bbox 1033 2810 1116 2873; x_wconf 87' lang='lat' dir='ltr'>facto</span> <span class='ocrx_word' id='word_1_147' title='bbox 1137 2806 1189 2869; x_wconf 90' lang='lat' dir='ltr'>fuit</span> 
     </span>
     <span class='ocr_line' id='line_1_23' title="bbox 239 2912 1190 2994; baseline -0.002 -20"><span class='ocrx_word' id='word_1_148' title='bbox 239 2913 348 2994; x_wconf 90' lang='lat' dir='ltr'>aliqua</span> <span class='ocrx_word' id='word_1_149' title='bbox 372 2914 473 2976; x_wconf 91' lang='lat' dir='ltr'>virtus</span> <span class='ocrx_word' id='word_1_150' title='bbox 497 2914 667 2977; x_wconf 85' lang='lat' dir='ltr'>continens</span> <span class='ocrx_word' id='word_1_151' title='bbox 690 2918 858 2991; x_wconf 87' lang='lat' dir='ltr'>elementa,</span> <span class='ocrx_word' id='word_1_152' title='bbox 882 2917 1001 2980; x_wconf 88' lang='lat' dir='ltr'>scilicet</span> <span class='ocrx_word' id='word_1_153' title='bbox 1032 2919 1129 2980; x_wconf 86' lang='lat' dir='ltr'>virtus</span> <span class='ocrx_word' id='word_1_154' title='bbox 1150 2912 1190 2974; x_wconf 91' lang='lat' dir='ltr'>di·</span> 
     </span>
     <span class='ocr_line' id='line_1_24' title="bbox 240 3021 446 3102; baseline 0.015 -21"><span class='ocrx_word' id='word_1_155' title='bbox 240 3021 333 3099; x_wconf 86' lang='lat' dir='ltr'>vina;</span> <span class='ocrx_word' id='word_1_156' title='bbox 358 3042 446 3102; x_wconf 85' lang='lat' dir='ltr'>erge.</span> 
     </span>
    </p>

    <p class='ocr_par' dir='ltr' id='par_1_6' title="bbox 241 3127 1190 3533">
     <span class='ocr_line' id='line_1_25' title="bbox 307 3127 1190 3213; baseline -0.003 -24"><span class='ocrx_word' id='word_1_157' title='bbox 307 3127 481 3201; x_wconf 77' lang='lat' dir='ltr'>Proetereu,</span> <span class='ocrx_word' id='word_1_158' title='bbox 511 3128 657 3192; x_wconf 85' lang='lat' dir='ltr'>Christus</span> <span class='ocrx_word' id='word_1_159' title='bbox 694 3150 758 3192; x_wconf 95' lang='lat' dir='ltr'>non</span> <span class='ocrx_word' id='word_1_160' title='bbox 782 3131 955 3211; x_wconf 87' lang='lat' dir='ltr'>assumpsit</span> <span class='ocrx_word' id='word_1_161' title='bbox 986 3132 1122 3213; x_wconf 86' lang='lat' dir='ltr'>aliquem</span> <span class='ocrx_word' id='word_1_162' title='bbox 1144 3127 1190 3188; x_wconf 82' lang='lat' dir='ltr'>de</span> 
     </span>
     <span class='ocr_line' id='line_1_26' title="bbox 241 3230 1188 3318; baseline 0.001 -25"><span class='ocrx_word' id='word_1_163' title='bbox 241 3232 363 3295; x_wconf 90' lang='lat' dir='ltr'>fectum</span> <span class='ocrx_word' id='word_1_164' title='bbox 377 3234 432 3315; x_wconf 88' lang='lat' dir='ltr'>qui</span> <span class='ocrx_word' id='word_1_165' title='bbox 457 3255 522 3297; x_wconf 92' lang='lat' dir='ltr'>non</span> <span class='ocrx_word' id='word_1_166' title='bbox 536 3235 706 3317; x_wconf 87' lang='lat' dir='ltr'>proficeret</span> <span class='ocrx_word' id='word_1_167' title='bbox 729 3239 771 3299; x_wconf 88' lang='lat' dir='ltr'>ad</span> <span class='ocrx_word' id='word_1_168' title='bbox 784 3238 1041 3318; x_wconf 88' lang='lat' dir='ltr'>redemptionem</span> <span class='ocrx_word' id='word_1_169' title='bbox 1066 3230 1188 3299; x_wconf 85' lang='lat' dir='ltr'>humani</span> 
     </span>
     <span class='ocr_line' id='line_1_27' title="bbox 242 3339 1189 3425; baseline -0.001 -25"><span class='ocrx_word' id='word_1_170' title='bbox 242 3340 385 3419; x_wconf 88' lang='lat' dir='ltr'>generis;</span> <span class='ocrx_word' id='word_1_171' title='bbox 410 3342 466 3402; x_wconf 89' lang='lat' dir='ltr'>sed</span> <span class='ocrx_word' id='word_1_172' title='bbox 491 3342 684 3422; x_wconf 88' lang='lat' dir='ltr'>putrefactio</span> <span class='ocrx_word' id='word_1_173' title='bbox 707 3344 789 3406; x_wconf 90' lang='lat' dir='ltr'>illius</span> <span class='ocrx_word' id='word_1_174' title='bbox 812 3345 1034 3425; x_wconf 88' lang='lat' dir='ltr'>corporisnon</span> <span class='ocrx_word' id='word_1_175' title='bbox 1059 3339 1189 3425; x_wconf 86' lang='lat' dir='ltr'>proficie-</span> 
     </span>
     <span class='ocr_line' id='line_1_28' title="bbox 241 3446 1189 3533; baseline 0.003 -27"><span class='ocrx_word' id='word_1_176' title='bbox 241 3446 298 3507; x_wconf 86' lang='lat' dir='ltr'>bat</span> <span class='ocrx_word' id='word_1_177' title='bbox 321 3448 363 3507; x_wconf 89' lang='lat' dir='ltr'>ad</span> <span class='ocrx_word' id='word_1_178' title='bbox 388 3448 644 3529; x_wconf 87' lang='lat' dir='ltr'>redemptionem</span> <span class='ocrx_word' id='word_1_179' title='bbox 670 3449 804 3512; x_wconf 88' lang='lat' dir='ltr'>humani</span> <span class='ocrx_word' id='word_1_180' title='bbox 828 3452 963 3533; x_wconf 85' lang='lat' dir='ltr'>generis,</span> <span class='ocrx_word' id='word_1_181' title='bbox 977 3452 1055 3533; x_wconf 87' lang='lat' dir='ltr'>quia</span> <span class='ocrx_word' id='word_1_182' title='bbox 1075 3450 1138 3530; x_wconf 88' lang='lat' dir='ltr'>jam</span> <span class='ocrx_word' id='word_1_183' title='bbox 1164 3464 1189 3504; x_wconf 84' lang='lat' dir='ltr'>e·</span> 
     </span>
    </p>
   </div>
   <div class='ocr_carea' id='block_1_6' title="bbox 241 3552 1187 3740">
    <p class='ocr_par' dir='ltr' id='par_1_7' title="bbox 241 3552 1187 3740">
     <span class='ocr_line' id='line_1_29' title="bbox 242 3552 1187 3640; baseline 0.01 -31"><span class='ocrx_word' id='word_1_184' title='bbox 242 3560 291 3610; x_wconf 90' lang='lat' dir='ltr'>rat</span> <span class='ocrx_word' id='word_1_185' title='bbox 315 3552 495 3633; x_wconf 88' lang='lat' dir='ltr'>redemptio</span> <span class='ocrx_word' id='word_1_186' title='bbox 520 3553 603 3617; x_wconf 84' lang='lat' dir='ltr'>facta</span> <span class='ocrx_word' id='word_1_187' title='bbox 627 3576 684 3637; x_wconf 90' lang='lat' dir='ltr'>per</span> <span class='ocrx_word' id='word_1_188' title='bbox 710 3567 847 3619; x_wconf 90' lang='lat' dir='ltr'>mortem</span> <span class='ocrx_word' id='word_1_189' title='bbox 864 3578 939 3639; x_wconf 86' lang='lat' dir='ltr'>quae</span> <span class='ocrx_word' id='word_1_190' title='bbox 964 3558 1114 3640; x_wconf 82' lang='lat' dir='ltr'>praecedit</span> <span class='ocrx_word' id='word_1_191' title='bbox 1136 3571 1187 3635; x_wconf 80' lang='lat' dir='ltr'>pu·</span> 
     </span>
     <span class='ocr_line' id='line_1_30' title="bbox 241 3654 597 3740; baseline 0.022 -26"><span class='ocrx_word' id='word_1_192' title='bbox 241 3654 484 3737; x_wconf 84' lang='lat' dir='ltr'>trefactionem3</span> <span class='ocrx_word' id='word_1_193' title='bbox 508 3680 597 3740; x_wconf 77' lang='lat' dir='ltr'>ergo,</span> 
     </span>
    </p>
   </div>
   <div class='ocr_carea' id='block_1_7' title="bbox 0 0 1318 4196">
    <p class='ocr_par' dir='ltr' id='par_1_8' title="bbox 0 0 1318 4196">
     <span class='ocr_line' id='line_1_31' title="bbox 0 0 1318 4196; baseline 0 0"><span class='ocrx_word' id='word_1_194' title='bbox 0 0 1318 4196; x_wconf 95' lang='lat' dir='ltr'> </span> 
     </span>
    </p>
   </div>
  </div>
 </body>
</html>
