2600 4200
249 181 287 242 16
474 179 548 242 Lm.
574 179 619 242 ΙΙΙ
645 179 939 244 senrsnrnrruu

221 387 307 449 enim
331 387 492 468 exemplis
515 407 579 448 uon
604 394 653 448 est
669 384 812 447 formalis
829 385 1030 468 repugnatia,
1056 385 1107 446 hic
1130 405 1191 446 au-

222 504 287 556 tem
313 493 432 556 scilicet
455 493 544 575 quod
569 503 684 556 natura
708 503 815 554 creata
838 493 879 555 sit
901 493 934 554 in
950 492 1097 575 pluribus
1111 513 1191 573 sup
1276 534 1277 595 ζ

222 601 334 683 positis
356 609 405 662 est
428 601 643 682 repugnantia
668 598 820 672 formalis,
837 609 908 661 turn
932 599 1009 681 quia
1032 609 1114 660 esset
1136 599 1191 660 in-

221 707 309 770 finita
337 718 373 769 ut
396 708 579 769 deducebat
606 727 671 768 una
705 706 786 768 ratio
822 707 935 787 primae
971 705 1131 786 opinionis
1154 716 1192 769 et
1277 780 1278 789 χ

222 814 362 886 infinitas
397 823 558 896 repugnat
593 824 767 888 creaturae;
795 823 867 876 tum
902 813 978 894 quia
1012 811 1192 875 essentialis

222 921 438 1002 dependentia
460 921 651 982 terminatur
686 921 728 981 ad
764 940 866 982 unum
901 920 1001 981 totale
1035 919 1192 1000 indepen-

222 1027 311 1092 dens

289 1242 350 1304 AD
378 1243 526 1304 PRIMUM
563 1255 779 1304 PRINCIPALE
807 1240 880 1303 dico
908 1242 996 1322 quod
1024 1249 1088 1300 tres
1119 1260 1192 1320 per-

222 1369 312 1410 sonae
337 1359 474 1430 possunt
492 1347 604 1432 'agere
638 1349 681 1410 ad
716 1347 972 1428 assumptionem
1008 1347 1103 1408 unius
1133 1367 1192 1408 ua-

222 1464 305 1517 turae
344 1455 488 1518 effective
527 1477 592 1518 non
632 1450 741 1517 autem
782 1454 995 1527 terminative,
1027 1453 1104 1535 quia
1141 1455 1188 1516 ad

224 1560 420 1642 impossibile
444 1563 530 1623 nulla
554 1573 602 1624 est
626 1563 787 1642 potentia;
826 1561 888 1622 hoc
923 1570 1033 1623 autem
1056 1568 1106 1622 est
1129 1561 1191 1622 im—

223 1668 382 1748 possibile,
408 1679 444 1730 ut
468 1669 673 1741 dictumest,
700 1669 789 1750 quod
823 1668 939 1729 eadem
975 1677 1090 1728 natura
1114 1687 1189 1748 sup-

223 1773 379 1855 positetur
402 1794 421 1835 a
446 1775 592 1854 pluribus
616 1775 799 1857 suppositis

289 1882 347 1942 Ad
367 1881 541 1944 sermidam
574 1901 659 1964 nego
694 1882 977 1963 consequentiam,
1002 1883 1044 1943 ad
1073 1883 1188 1962 proba-

222 1988 340 2050 tionem
376 2007 451 2050 cum
487 1988 603 2050 dicitur
638 1990 728 2068 quod
765 1989 836 2050 ideo
871 1997 919 2050 est
956 1987 1189 2069 assumptibilis

224 2105 338 2157 natura
362 2095 438 2177 quia
472 2106 520 2157 est
556 2095 586 2157 in
623 2095 767 2177 potentia
803 2095 1016 2168 obedientiali,
1041 2095 1188 2157 concedo

222 2212 398 2283 antequam
434 2213 672 2275 assumeretur,
708 2204 764 2263 sed
804 2213 979 2283 postquam
1018 2213 1189 2282 assumpta

222 2317 271 2369 est
294 2308 336 2369 ab
360 2329 426 2369 uno
450 2309 628 2389 supposito
655 2308 724 2389 jam
749 2309 882 2370 reducta
916 2317 965 2369 est
998 2309 1039 2370 ud
1064 2318 1186 2379 actum,

223 2424 255 2475 et
280 2414 352 2475 ideo
376 2424 480 2477 stante
504 2416 557 2477 illo
580 2424 654 2477 actu
681 2436 745 2476 non
770 2424 875 2496 potest
892 2415 1001 2477 reduci
1021 2415 1062 2476 ad
1086 2415 1187 2476 alium

223 2531 344 2592 actum,
369 2522 649 2602 quemadmodum
674 2521 858 2603 superficies
892 2532 941 2583 est
976 2521 1006 2582 in
1043 2523 1189 2603 potentia

223 2629 265 2689 ad
297 2626 479 2689 albedinem
514 2637 546 2689 et
582 2628 805 2709 nigredinem,
841 2638 946 2690 stante
981 2628 1049 2709 ipsa
1083 2628 1189 2689 subal-

224 2733 340 2796 bedine
365 2754 428 2795 non
455 2744 561 2815 potest
585 2734 693 2796 reduci
718 2736 893 2795 adactum
918 2734 1103 2815 nigredinis.

291 2840 349 2901 Ad
364 2841 511 2920 primum
536 2840 570 2901 in
594 2841 795 2901 corrtrarium
812 2842 885 2903 dico
901 2843 991 2922 quod
1008 2840 1190 2903 Anselmus

223 2948 301 3009 dicit
325 2948 415 3028 quod
439 2948 546 3027 plures
570 2968 716 3027 personae
741 2949 881 3009 eundem
906 2948 1074 3011 hominem
1098 2968 1188 3010 assu-

225 3074 312 3115 mere
340 3062 505 3133 nequeunt
539 3053 563 3114 si
600 3074 738 3134 persona
773 3054 881 3115 divina
915 3064 963 3116 est
998 3054 1121 3135 primus
1156 3064 1191 3117 et

223 3158 367 3221 formalis
391 3159 548 3222 terminus
572 3159 813 3221 incarnationis.

291 3267 349 3327 Ad
368 3266 542 3328 secuudum
578 3268 619 3328 de
654 3266 846 3349 syllogismo
881 3268 1080 3349 expositorio
1114 3268 1191 3331 dico

223 3373 314 3453 quod
338 3373 546 3453 syllogismus
573 3374 791 3454 expositorius
828 3394 893 3435 nou
929 3374 1093 3437 concludit
1128 3377 1191 3437 uisi

223 3479 356 3559 quaudo
381 3478 458 3540 illud
482 3480 571 3559 quod
599 3478 774 3542 assumitur
804 3480 986 3542 verificatur
1018 3480 1122 3541 solum
1147 3482 1192 3543 dc

223 3606 307 3659 uno;
333 3585 357 3645 si
382 3595 491 3647 autem
515 3595 622 3666 potest
657 3586 811 3649 verificari
847 3589 888 3649 de
922 3587 985 3648 alio
1020 3596 1097 3649 tunc
1121 3607 1192 3651 non
