2600 4200
363 717 681 871 oisiincuo
719 764 852 871 xv.
938 778 940 783 ¹

284 1036 344 1112 fit
381 1038 530 1113 sicut
570 1038 929 1135 psaedictis...

217 1212 309 1274 Circa
332 1215 425 1273 istum
455 1214 540 1274 Dist.
565 1232 613 1290 15.
641 1233 748 1293 quero
782 1222 845 1274 tres
882 1215 1086 1288 Quoesttoues.

122 1319 255 1381 Primo:
287 1320 402 1381 Utrum
425 1320 554 1399 quilibet
569 1326 694 1399 peccato
716 1321 836 1381 actuali
867 1322 996 1381 mortali
1023 1341 1090 1381 cor·

122 1428 306 1505 respoudeat
326 1425 498 1503 satisfactio
514 1429 659 1505 propero.
686 1426 859 1489 Secundo:
891 1427 1007 1489 Utrum
1018 1430 1088 1507 qui-

121 1552 244 1612 cunque
265 1534 393 1593 obstulit
413 1540 444 1593 et
465 1536 577 1595 retinet
599 1536 814 1595 remalt'enam
838 1541 981 1595 teneatur
994 1536 1084 1595 illum

123 1642 294 1708 restituere,
323 1642 367 1700 ita
390 1641 475 1720 quod
494 1661 555 1701 non
574 1647 679 1719 posset
699 1661 771 1701 uere
790 1644 940 1720 poeuitere
969 1642 1085 1721 absque

121 1748 183 1806 tali
203 1749 405 1809 restitutione.
429 1746 561 1809 Tertio:
605 1748 720 1808 Utrum
744 1749 952 1828 damm'ficans
985 1750 1086 1808 alium

122 1855 157 1911 iu
181 1853 267 1913 boues
289 1856 428 1931 corpores
449 1856 502 1914 vel
512 1857 629 1914 animet
645 1860 787 1941 teneatur
798 1858 959 1915 restituere
974 1856 1019 1915 ad
1032 1856 1086 1914 hoc

121 1959 208 2036 quod
226 1979 298 2020 uere
314 1964 417 2038 possit
431 1963 592 2038 penitere.

483 2226 666 2308 Quffisno
692 2226 717 2288 1.

237 2389 293 2448 Ad
308 2391 450 2466 primum
477 2389 687 2464 Quoestiouem
712 2390 756 2448 sic
773 2388 973 2466 proceditur:

211 2547 360 2610 Videtur
382 2550 475 2630 quod
497 2549 637 2610 cuilibet
673 2557 813 2630 peccato
848 2548 983 2611 mortali
1018 2569 1086 2610 non

119 2655 386 2736 correspondeat
409 2653 598 2717 satisfactio
621 2657 769 2735 propria,
795 2658 876 2744 quja
899 2666 981 2718 tunc
1011 2675 1089 2736 pos·

120 2771 174 2823 set
196 2759 269 2824 fieri
294 2760 483 2854 satisfactio
506 2781 569 2842 pro
601 2781 670 2822 uno
704 2775 845 2843 peccato
880 2763 948 2824 alio
982 2782 1090 2825 rema·

122 2880 234 2931 nente.

215 2977 340 3036 Contra.
366 2978 533 3053 Apoc.18.
559 2976 698 3037 dicitur:
724 2973 898 3055 Quantum
916 2973 1084 3058 glorifica-

119 3084 172 3143 vit
193 3101 232 3143 se
255 3094 290 3144 et
314 3085 348 3144 in
372 3083 504 3144 deliciis
528 3080 603 3150 fuit,
628 3091 762 3143 tantum
787 3084 865 3144 date
889 3085 919 3144 ei
938 3093 1085 3144 tormen·

120 3197 193 3250 tum
224 3200 259 3251 et
293 3189 437 3262 luctum;
473 3191 580 3270 igitur
614 3189 755 3250 cuilibet
789 3201 929 3274 peccato
961 3189 1086 3251 actuali

118 3295 363 3376 correspondet
386 3294 576 3357 satisfactio
599 3297 748 3376 propria.
1086 3357 1088 3360 .

210 3400 287 3463 SUB
311 3414 399 3463 ILLA
424 3400 668 3482 QUAESTIONE,
686 3401 766 3463 licet
782 3403 1017 3484 distinguatur
1044 3403 1087 3464 de

119 3507 334 3570 satisfatione
358 3519 496 3589 sumpta
513 3511 710 3587 generaliter
731 3519 766 3570 et
783 3512 923 3587 proprie,
953 3529 1020 3570 non
1038 3519 1085 3571 ta-

119 3635 199 3676 men
222 3625 357 3696 oportet
381 3625 513 3678 tantum
548 3613 738 3678 diffundere
773 3635 975 3686 sennonem,
1011 3617 1087 3677 ideo
