2600 4200
276 235 316 292 42
493 215 568 278 Lm.
594 215 645 277 IV
673 214 979 278 Seurssurmnuu

343 394 457 454 Prima
481 403 534 455 est
557 394 649 474 quod
674 393 785 455 forma
807 393 977 474 Baptismi
1002 396 1037 455 in
1061 392 1220 456 Ecclesia

255 499 416 562 Romana
439 510 492 562 est
515 499 587 562 illa:
612 499 693 582 Ego
716 511 751 563 te
772 501 910 582 baptizo
933 502 968 562 in
993 502 1131 562 nomine
1158 501 1220 562 Pa·

253 609 317 669 tris
340 617 375 668 et
409 605 488 670 Filii
523 617 558 668 et
592 605 743 688 Spiritus
778 605 906 670 Sancti.
943 608 1068 670 Amen.
1105 605 1217 688 Quam

252 711 397 774 formam
423 725 558 776 tenetur
581 713 726 794 quilibet
749 715 905 776 minister
928 733 1065 776 servare
1089 716 1124 776 in
1136 734 1219 796 prae·

252 821 345 883 dicta
368 819 533 890 Ecclesia,
547 823 628 901 quia
644 823 694 883 sic
710 820 872 882 Romana
886 819 1043 882 Ecclesia
1057 823 1218 890 instituit,

252 938 291 988 ut
315 937 453 990 notatur
476 929 593 988 Extra.
618 929 655 988 de
679 929 839 1005 Baptismo
861 935 892 988 et
913 929 981 1004 ejus
1003 926 1123 1004 effectu,
1150 935 1216 1006 cap.

254 1037 295 1096 Si
318 1038 398 1113 quis.

342 1141 484 1202 Secunda
513 1142 674 1202 Conclusio
697 1151 750 1202 est
777 1141 870 1220 quod
903 1139 1012 1202 forma
1047 1141 1215 1221 Baptismi

253 1250 286 1308 in
312 1245 470 1309 Ecclesia
492 1245 690 1310 Graecorum
715 1257 768 1308 est
791 1247 865 1308 illa:
889 1248 1080 1327 baptizetur
1095 1267 1218 1310 servus

229 1414 232 1420 Δ
252 1353 391 1424 Christi,
418 1355 452 1416 in
477 1357 614 1416 nomine
637 1353 751 1416 Patris
774 1365 809 1415 et
824 1353 903 1415 Filii
920 1363 955 1414 et
966 1351 1118 1434 Spiritus
1133 1352 1218 1416 San·

251 1463 308 1522 cti.
335 1459 375 1522 In
400 1480 468 1541 qua
479 1460 589 1523 forma
600 1480 670 1523 non
681 1461 888 1541 exprimitur
902 1480 1049 1540 persona
1064 1459 1216 1522 Ministri

253 1569 342 1629 sicut
367 1569 402 1629 in
427 1567 503 1636 alia,
528 1579 562 1629 et
597 1568 662 1628 hoc
698 1568 741 1628 ad
775 1568 953 1629 vitandum
988 1567 1147 1636 schisma,
1178 1579 1217 1629 ut

253 1675 392 1754 ponitur
416 1693 443 1735 r.
473 1675 541 1734 Cor.
566 1695 590 1734 c.
615 1693 663 1742 1.,·
687 1672 924 1755 gloriabantur
947 1675 1038 1735 enim
1054 1675 1215 1754 baptizati

251 1780 295 1840 de
320 1782 486 1842 ministris
510 1781 677 1842 dicentes:
702 1799 769 1862 ego
793 1781 931 1861 quidem
955 1779 1065 1848 Pauli,
1082 1799 1149 1862 ego
1161 1800 1218 1842 au·

252 1895 322 1948 tem
346 1887 487 1966 Apollo,
512 1905 579 1967 ego
603 1906 686 1947 vero
702 1886 842 1966 Cephae;
859 1895 999 1966 propter
1014 1888 1106 1967 quod
1123 1886 1218 1967 Apo
1278 1916 1282 1921 ·

253 1992 364 2054 stolus
388 1993 560 2054 concludit
575 1993 708 2054 dicens:
726 1992 859 2054 divisus
875 2002 927 2054 est
938 2012 1023 2074 ergo
1039 1991 1217 2055 Christus?

253 2137 295 2144 —
321 2099 381 2161 Ad
404 2097 593 2161 tollendum
619 2100 728 2181 igitur
743 2098 828 2162 illud
846 2099 1004 2171 schisma,
1021 2100 1216 2162 ordinatum

252 2216 306 2267 est
330 2208 364 2269 in
389 2205 545 2267 Ecclesia
568 2225 769 2288 graecorum,
795 2206 887 2286 quod
911 2226 1034 2268 nomen
1068 2208 1214 2268 ministri

253 2334 321 2375 non
346 2314 604 2394 exprimeretur.

347 2526 566 2606 Quantum
596 2525 654 2588 (ul
689 2525 865 2588 tertium
897 2524 1154 2601 Articulum,
1186 2528 1214 2586 si

253 2633 314 2694 illa
337 2634 442 2694 verba
466 2652 525 2693 seu
550 2630 661 2693 forma
683 2641 801 2713 posset
824 2633 948 2693 variari
973 2633 1048 2692 sine
1064 2633 1215 2711 periculo

252 2741 414 2819 baptizati
440 2739 495 2800 vel
520 2739 613 2800 illius
637 2740 695 2819 qui
721 2740 946 2819 immergitur,
964 2740 1013 2799 ita
1027 2738 1120 2818 quod
1135 2758 1216 2799 vere

253 2856 344 2907 esset
368 2848 570 2926 baptizatus.
597 2845 665 2919 Hic
689 2855 770 2907 sunt
793 2855 863 2907 tres
887 2846 1077 2929 opiniones.

349 2954 421 3015 Una
445 2953 528 3013 dicit
551 2953 643 3032 quod
675 2971 877 3033 quacunque
909 2954 1097 3013 variatione
1127 2950 1218 3013 facta

252 3062 343 3121 circa
366 3060 480 3128 verba,
507 3059 692 3121 dummodo
715 3068 785 3121 tres
796 3078 953 3146 personae
968 3060 1216 3139 exprimantur,

252 3168 426 3247 integrum
451 3178 504 3228 est
528 3176 777 3228 sacramentum
803 3165 981 3247 Baptismi.

343 3276 419 3333 Alia
444 3276 547 3353 opinio
571 3293 648 3354 quae
671 3283 726 3333 est
748 3272 899 3342 Thomae‚
924 3282 977 3334 est
999 3272 1151 3333 totaliter
1174 3271 1217 3331 ad

252 3381 459 3460 oppositum,
485 3400 562 3460 quae
596 3381 679 3445 dicit
713 3379 805 3460 quod
839 3398 979 3440 necesse
1012 3388 1065 3439 est
1098 3378 1219 3459 praedi-

252 3496 342 3547 ctam
366 3486 509 3548 formam
534 3495 641 3549 totam
666 3506 812 3554 servare,
848 3486 933 3547 alias
967 3494 1217 3546 sacramentum
1297 3537 1298 3546 ,

252 3610 322 3652 non
346 3604 436 3655 essct
460 3596 643 3674 integrum.
