2600 4200
263 285 328 359 406
502 281 578 342 Lm.
603 279 656 342 IV
681 279 987 343 Ssuteumnuu

1104 387 1208 396 monnau-u

332 459 405 522 HIC
428 472 638 521 PRAEMITTO
663 479 765 522 unam
793 461 1057 530 distinctionem,
1074 459 1213 519 secundo

240 585 332 646 pono
356 566 560 628 solutionem
595 567 637 627 ad
670 563 915 646 Quaestionem.
951 567 1123 626 Distinctio
1155 574 1213 626 est

242 674 310 734 ista
336 673 428 753 quod
451 691 566 752 poenae
590 673 828 734 damnatorum
852 681 998 752 possunt
1024 672 1213 752 dupliciter

244 779 363 840 videri.
388 778 470 841 Uno
493 780 595 840 modo
618 780 653 841 in
678 798 804 860 genere
827 779 975 859 proprio,
999 789 1034 840 et
1057 778 1133 840 haec
1161 778 1214 838 di·

243 886 334 946 citur
355 886 510 966 cognitio
533 887 746 964 vespertina;
777 885 849 958 ¹alio
872 886 974 946 modo
1009 886 1044 946 in
1079 883 1211 954 Verbo,

242 1000 278 1052 et
293 992 369 1052 haec
385 991 510 1052 dicitur
532 993 686 1073 cognitio
717 993 894 1054 matutina.
920 991 996 1053 Hoc
1027 991 1213 1071 praemisso

246 1098 324 1158 dico
358 1098 401 1159 ad
425 1096 660 1178 Quaestionem
684 1099 771 1160 duas
794 1096 1050 1160 Conclusiones.

333 1309 487 1374 Prima
509 1320 562 1372 est
597 1312 672 1380 ista,
707 1310 800 1390 quod
834 1311 876 1371 de
910 1309 989 1392 lege
1023 1310 1212 1379 communi,

244 1417 335 1478 beati
360 1419 549 1478 existentes
573 1417 608 1477 in
631 1419 743 1497 patria
759 1435 827 1478 non
844 1416 963 1507 uident
978 1435 1102 1496 poenas
1117 1416 1213 1477 dam·

246 1532 404 1584 natorum
428 1525 462 1584 in
486 1542 613 1604 genere
636 1525 785 1604 proprio.
811 1522 958 1583 Probatio
981 1523 1099 1604 hujus:
1128 1541 1210 1584 nam

245 1630 553 1709 improportionata
575 1629 739 1691 distantia
761 1631 1003 1711 cognoscentis
1026 1631 1069 1694 ad
1092 1631 1213 1711 cogni-

245 1745 318 1796 tum
342 1735 398 1797 vcl
421 1735 572 1796 videntis
595 1736 638 1796 ad
663 1738 775 1798 visum
801 1737 943 1817 impedit
974 1737 1209 1818 cognitionem

246 1840 340 1902 illius
364 1843 411 1902 rei
419 1863 426 1914 ;
451 1843 513 1902 sed
543 1843 631 1903 inter
666 1844 785 1906 beatos
824 1845 858 1904 in
897 1845 1009 1924 patria
1046 1852 1081 1904 et
1118 1844 1213 1904 dam·

246 1958 346 2009 natos
369 1950 403 2009 in
435 1946 568 2009 inferno
602 1958 655 2010 est
690 1950 995 2030 improportionata
1030 1951 1211 2020 distantia;

246 2074 341 2138 crgo
366 2064 429 2117 etc.

339 2268 527 2332 Secum
555 2267 771 2332 Cotwlnsio
792 2277 845 2330 est
857 2269 948 2349 quod
959 2270 1050 2329 beati
1063 2280 1211 2348 possunt

247 2376 364 2435 videre
388 2394 510 2454 poenas
533 2375 771 2436 damnatorum
806 2376 841 2435 in
876 2373 1002 2436 Verbo
1039 2374 1215 2436 Probatur

247 2500 310 2561 per
333 2480 540 2563 Gregorium
564 2482 622 2562 qui
647 2482 745 2543 dicit:
770 2482 854 2562 quid
877 2490 930 2543 est
953 2482 1045 2561 quod
1068 2500 1137 2542 non
1161 2484 1213 2543 vi·

246 2588 350 2649 deant
373 2589 430 2667 qui
456 2588 629 2649 videntem
654 2589 768 2649 omnia
791 2588 919 2650 vident.
952 2624 994 2631 -
1029 2586 1115 2648 Item
1149 2608 1213 2669 per

247 2696 412 2756 rationem
437 2696 500 2756 sic:
525 2694 648 2756 videns
672 2696 843 2775 propriam
868 2695 1033 2756 rationem
1065 2714 1214 2777 cognos-

247 2802 346 2862 cendi
370 2801 447 2872 alia,
471 2811 586 2881 potest
608 2802 725 2863 videre
749 2800 821 2874 illa;
846 2802 907 2863 sed
930 2803 1080 2863 essentia
1092 2803 1211 2863 divina

247 2927 325 2969 cum
350 2910 395 2969 sit
417 2908 735 2987 repraesentativum
762 2908 969 2970 illimitatum
993 2919 1046 2970 est
1072 2910 1212 2990 propria

247 3015 336 3075 ratio
359 3015 588 3095 cognoscendi
612 3014 692 3086 alia3
717 3034 801 3096 ergo
825 3016 915 3076 beati
931 3026 1077 3095 possunt
1092 3016 1213 3077 uidere

247 3140 370 3201 poenas
394 3121 631 3182 damnatorum
656 3124 690 3181 in
715 3120 841 3183 Verbo

338 3228 403 3288 Sed
422 3235 538 3288 contra.
563 3227 725 3289 Essentia
748 3228 865 3289 divina
887 3246 954 3290 non
979 3238 1032 3291 est
1054 3230 1142 3291 ratio
1158 3248 1214 3291 co-

249 3335 437 3414 gnoscendi
462 3334 591 3414 aliquid
614 3334 708 3414 quod
731 3353 799 3395 non
823 3334 926 3395 habet
941 3334 1052 3397 ideam
1070 3336 1105 3397 in
1119 3334 1211 3407 Deo;

249 3440 311 3501 sed
333 3460 438 3520 poena
461 3441 656 3502 nonhabet
690 3441 800 3502 ideam
835 3442 870 3501 in
905 3440 996 3513 Deo;
1032 3461 1126 3523 ergo.
1167 3478 1209 3487 -—

249 3547 430 3622 Respondeo
454 3548 641 3608 secundum
665 3547 905 3629 Augustinum
934 3568 962 3624 9.
988 3548 1040 3609 De
1069 3548 1159 3609 Trin.
1184 3569 1209 3609 c.

247 3670 277 3725 4.
304 3654 337 3710 in
351 3651 434 3730 fine,
462 3653 554 3731 quod
578 3653 735 3732 quaedam
769 3664 822 3715 est
855 3655 1009 3735 cognitio
1042 3672 1104 3735 per
1137 3672 1213 3735 spe·
