2600 4200
338 235 528 298 D1s'r1ncu.
554 235 644 298 XIII
671 234 823 315 Qunzs‘r.
849 235 901 297 III
1025 255 1084 314 179

490 483 673 565 Qunsstm
697 483 760 545 III.

261 627 317 686 Ad
336 629 458 688 tertium
487 628 695 702 Quoestionem
719 630 764 687 sic
781 628 979 705 proceditur:

235 767 381 830 Videtur
404 770 496 850 quod
520 772 553 831 in
586 773 678 830 omni
703 765 780 832 lo'co
803 769 935 830 licitum
959 770 1004 830 sit
1026 767 1110 830 Mis·

143 894 218 937 sam
235 875 415 946 celebrare,
432 879 514 957 quia
524 877 655 938 licitum
672 886 725 938 est
741 877 776 938 in
793 877 884 937 omni
902 875 978 936 loco
994 875 1107 937 Deum

143 1001 242 1042 orare
266 991 299 1042 et
323 983 353 1044 ei
379 983 516 1044 servire.

239 1087 363 1156 Contra,
392 1090 444 1150 De
466 1110 597 1150 consecr.
622 1091 692 1150 dist.
705 1108 732 1151 J.
757 1096 822 1167 cap.
849 1089 940 1150 Sicut
961 1109 1023 1148 non
1039 1089 1107 1148 alii.

236 1193 278 1256 Iu
303 1207 387 1257 1sm
412 1195 647 1276 QuAEsnons
671 1197 736 1258 tria
759 1205 840 1257 sunt
861 1195 1018 1256 videnda.
1036 1195 1110 1255 Pri-

144 1322 204 1370 mo,
233 1304 261 1364 si
286 1303 417 1364 licitum
442 1305 486 1364 sit
511 1303 655 1366 Missam
679 1303 851 1366 celebrare
875 1304 909 1364 in
927 1303 1019 1363 omni
1032 1302 1110 1362 loco

145 1429 214 1471 non
238 1411 445 1471 consecrato.
472 1411 620 1478 Secundo,
650 1412 679 1472 si
703 1402 834 1472 licitum
855 1419 912 1471 ‘est
934 1408 1108 1470 celebrare

144 1535 250 1596 super
273 1517 379 1578 altare
404 1537 470 1579 non
496 1518 679 1598 lapideum.
713 1519 824 1584 Ternb,
853 1518 882 1577 si
907 1515 1038 1578 licitum
1055 1525 1109 1576 est

145 1621 290 1684 Missam
314 1624 486 1685 celebrare
521 1627 595 1686 sine
631 1627 713 1706 igne
747 1633 781 1684 et
816 1623 1032 1684 vestimentis
1066 1622 1109 1682 ab

146 1729 320 1810 Episcopo
343 1731 542 1794 benedictis.

237 1926 299 1988 De
317 1925 461 2004 primo
485 1928 561 1988 dico
585 1927 678 2007 quod
701 1927 928 1987 communiter
944 1944 1010 1985 non
1029 1924 1110 1985 licet

146 2034 181 2094 in
206 2033 297 2094 omni
322 2033 398 2094 loco
423 2053 490 2095 non
514 2043 713 2095 consecrato
748 2031 892 2094 Missam
927 2031 1109 2098 celebrare,

145 2140 228 2221 quia
251 2142 299 2201 sic
324 2142 474 2202 instituit
497 2140 661 2207 Ecclesia.
695 2150 732 2201 ut
766 2150 860 2220 patet
892 2141 943 2199 De
976 2160 1109 2199 consecr.

144 2248 215 2307 dist.
242 2266 267 2307 1.
292 2269 316 2307 c.
343 2248 434 2307 Sicut
455 2268 514 2307 non
538 2250 598 2307 alii
620 2260 654 2309 et
688 2255 754 2325 cap.
778 2268 841 2325 seq.
876 2256 911 2307 et
944 2252 1009 2323 cap.
1047 2246 1111 2306 Hic

144 2374 230 2431 ergo.
264 2354 303 2417 In
338 2374 418 2416 casu
455 2364 568 2417 tamen
603 2372 741 2435 magnae
776 2354 990 2415 necessitatis
1029 2361 1110 2414 tunc

146 2460 227 2523 licet
260 2462 432 2523 celebrare
462 2463 496 2522 in
531 2462 606 2523 Ioco
640 2480 709 2522 non
744 2470 956 2526 consecrato¹
995 2461 1024 2520 si
1064 2468 1113 2519 ta·

145 2569 228 2629 bula
252 2570 297 2629 sit
320 2579 526 2636 consecrata,
552 2578 585 2629 et
610 2568 678 2628 alia
711 2569 877 2647 requisita
909 2566 1110 2635 habeantur,

146 2676 236 2737 sicut
259 2674 396 2755 quando
421 2674 587 2736 Ecclesiae
611 2685 692 2737 sunt
715 2675 915 2744 combustae,
934 2673 989 2734 vel
1005 2672 1112 2734 homi·

147 2801 209 2843 nes
232 2792 347 2843 essent
371 2782 404 2842 in
430 2782 551 2842 itinere
574 2792 608 2843 et
632 2780 799 2841 Ecclesiae
824 2780 869 2841 ibi
895 2798 963 2841 non
978 2790 1108 2850 essent;
1172 2832 1175 2837 .

147 2888 202 2949 his
226 2891 316 2949 enIm
340 2888 477 2950 casibus
501 2890 657 2967 exceptis
681 2907 749 2948 non
773 2888 853 2954 licet
876 2887 1048 2947 celebrare
1075 2886 1110 2945 in

146 2994 223 3057 loco
247 3014 315 3056 non
339 3004 537 3056 consecrato
559 2996 627 3057 nisi
652 2994 694 3055 de
711 2994 849 3055 licentia
866 2992 1041 3073 Episcopi,
1060 2992 1112 3050 De

145 3121 277 3162 consecr.
302 3104 371 3161 dist.
398 3120 423 3162 1.
448 3123 472 3162 c.
499 3082 686 3168 Missurum,
711 3102 770 3180 qui
795 3111 907 3161 tamen
939 3100 1003 3159 hoc
1034 3116 1113 3158 con·

146 3209 267 3269 cedere
291 3227 359 3269 non
382 3208 484 3269 debet
508 3210 571 3269 nisi
598 3210 755 3289 assignat
778 3208 935 3288 legitima
958 3216 992 3266 et
1012 3207 1113 3266 ratio-

148 3315 273 3375 nabilis
296 3334 408 3375 causa.

238 3510 301 3573 De
323 3510 501 3573 secennio
536 3508 729 3573 Artis-nlo
763 3508 840 3569 dic'o
875 3507 967 3588 quod
1001 3526 1112 3586 usque

148 3618 191 3678 ad
215 3626 369 3697 tempora
393 3616 552 3679 Silvestri
578 3618 674 3678 ltcuit
697 3617 868 3677 celebrare
885 3632 988 3694 super
1005 3612 1113 3675 altare
