2600 4200
345 221 534 284 D1su1ucu.
552 219 656 283 XLV
681 219 832 302 Quffisu
851 220 886 282 ΙΙ
1011 225 1074 302 369

133 401 235 464 brum
259 411 394 481 oportet
417 401 508 471 dare,
532 419 595 463 nec
618 401 661 462 de
684 399 795 462 salute
821 398 916 462 finali
953 399 1097 480 alicujus

134 526 199 570 nec
222 506 265 569 de
287 507 507 568 exauditione
541 507 644 587 hujus
678 507 854 568 orationis
876 525 979 587 quam
1008 525 1098 568 nunc

135 610 246 676 offert.
270 613 350 674 Non
372 614 464 675 enim
488 615 664 693 sequitur:
700 613 797 676 Deus
831 611 961 674 revelat
995 612 1097 676 Petro

133 720 300 799 Joannem
323 739 415 781 nunc
436 727 553 800 petere
576 721 782 799 permerito
806 719 916 792 Petri;
942 737 1027 800 ergo
1049 738 1098 782 re-

135 826 230 890 velat
262 826 366 889 Petro
398 825 564 905 Joannem
599 826 803 889 salvandum
837 827 894 888 vel
929 845 998 889 non
1036 826 1099 888 sal·

135 934 297 996 vandum.

225 1093 288 1156 Ao
317 1105 592 1156 Auouucuuuu
628 1095 662 1152 in
696 1095 899 1162 contrarium,
939 1111 1016 1154 cum
1050 1093 1099 1154 di·

134 1201 225 1261 citur
247 1200 340 1281 quod
363 1199 457 1261 solus
480 1199 577 1262 Deus
600 1200 699 1260 novit
721 1199 922 1264 abscondita
933 1199 1097 1270 cordium,

134 1306 213 1367 dico
236 1307 328 1388 quod
351 1325 471 1367 verum
494 1314 547 1368 est
580 1326 626 1367 ex
660 1307 799 1386 propria
832 1303 1041 1386 perfectione
1063 1315 1099 1368 et

134 1412 385 1483 universaliter,
409 1415 458 1475 ita
481 1413 573 1492 quod
608 1411 832 1496 impossibile¹
845 1422 898 1475 est
921 1412 1014 1495 quod
1037 1431 1098 1494 per

135 1519 275 1601 aliquod
298 1520 489 1600 impediens
512 1519 577 1581 sibi
602 1518 717 1588 lateat,
741 1519 802 1580 sed
826 1537 894 1581 non
911 1520 961 1580 sic
977 1527 1031 1580 est
1054 1517 1097 1579 de

134 1644 338 1706 quacunque
361 1626 428 1688 alia
451 1635 574 1689 natura
605 1624 837 1697 intellectuali,
862 1627 937 1687 sive
971 1626 1017 1687 sit
1039 1645 1096 1686 an·

134 1730 236 1812 gelus
259 1735 334 1794 sive
357 1733 479 1794 anima.

484 1941 667 2024 QuAEsno
702 1943 746 2007 ΙΙ.

232 2086 289 2147 Ad
308 2086 474 2148 secundam
500 2087 710 2163 Quoestzonem
733 2089 777 2148 sic
794 2087 998 2165 proceditur:

224 2244 373 2307 Videtur
395 2247 489 2326 quod
511 2248 547 2307 in
571 2246 647 2307 Deo
672 2266 740 2308 non
772 2248 818 2309 sit
847 2246 982 2326 justitia
1016 2248 1097 2326 quia

134 2352 263 2413 domini
289 2352 332 2413 ad
354 2370 493 2413 servum
517 2351 612 2414 nulla
647 2360 701 2413 est
720 2352 864 2432 justitia,
889 2354 970 2432 quia
1004 2352 1097 2414 nulla

134 2458 317 2539 aequalitas
338 2477 384 2519 ex
402 2476 436 2535 5.
461 2459 563 2519 Ethic.
576 2481 591 2527 ,·
614 2476 699 2540 ergo
733 2457 842 2520 multo
877 2456 1000 2520 fortius
1035 2476 1097 2520 nec

136 2565 203 2626 Dei
227 2565 269 2625 ad
293 2564 465 2626 hominem
489 2564 546 2627 vel
577 2574 760 2636 creaturas
785 2584 862 2626 cum
898 2567 943 2626 sit
981 2564 1097 2626 Domi·

135 2691 201 2736 nus
224 2680 476 2743 creaturarum
501 2689 586 2753 ergo
609 2673 645 2733 in
670 2671 746 2733 Deo
776 2681 921 2734 nonest
951 2672 1095 2752 justitia.

223 2779 263 2839 In
286 2779 459 2856 oppositum
483 2788 536 2841 est
559 2777 644 2839 illud
670 2777 817 2839 Psalmi:
839 2778 980 2857 Justitia
994 2777 1097 2858 plena

132 2896 189 2947 est
211 2886 354 2947 dextera
376 2885 460 2965 ejus.

223 2991 267 3053 IN
295 3004 381 3053 1suu
416 2989 651 3072 QuAEsnouE
685 3000 738 3053 est
772 2991 956 3052 videndum
987 2993 1097 3069 prinw

134 3098 218 3177 quid
252 3100 297 3159 sit
327 3098 470 3178 justitia.
496 3098 646 3165 Secundo,
686 3107 771 3179 quot
803 3098 916 3159 modis
950 3100 1097 3159 sumitur

129 3204 273 3285 justitia.
307 3206 419 3273 Tertio,
448 3206 477 3266 si
502 3206 536 3266 in
561 3204 637 3266 Deo
661 3214 714 3267 est
732 3204 876 3287 justitia„

228 3383 447 3465 thuntum
473 3382 531 3445 ad
559 3382 765 3461 priunum.
789 3382 873 3445 dicit
907 3381 1096 3445 Anselmus

135 3490 186 3549 De
208 3491 339 3550 veniale
360 3495 426 3567 cap.
450 3508 499 3551 12.
523 3489 616 3569 quod
635 3488 772 3569 justitia
787 3498 840 3551 est
854 3489 1023 3551 rectitudo
1040 3508 1096 3549 vo-

135 3596 277 3658 luntatis
300 3605 440 3676 propter
463 3615 502 3657 se
525 3605 671 3657 servata.
690 3593 760 3657 Sed
780 3594 1015 3675 Philosophus
1029 3613 1096 3657 ma·
