2600 4200
375 242 563 304 D1sr1ucr.
590 241 645 302 XI
670 239 822 321 Qumsr.
848 241 865 302 Ι
1016 261 1074 319 ¹43

226 419 269 482 Iu
308 433 395 482 rste
433 417 669 499 Qumstuoue
707 429 788 480 sunt
826 419 894 480 duo
929 419 1098 480 videnda:

137 528 257 596 Primo,
286 530 314 589 si
338 529 438 608 panis
462 527 790 588 transubstantiatur
804 527 841 588 in
856 525 991 607 Corpus
1006 523 1101 588 Chri-

137 637 191 697 sti.
227 635 376 702 Secundo,
416 635 495 715 quis
529 643 582 696 est
616 633 771 695 formalis
804 633 972 694 terminus
1006 632 1100 694 illius

137 741 522 803 transubstantiationis.

231 953 449 1034 Quantum
472 952 529 1016 ad
548 952 760 1032 primum,
784 954 874 1014 sicut
901 953 1022 1014 recitat
1046 951 1099 1013 In-

139 1061 317 1122 nocentius
343 1062 376 1118 in
418 1059 527 1138 Officio
551 1059 663 1120 Missae
679 1067 714 1137 p.
735 1079 768 1135 3.
792 1080 817 1120 c.
842 1064 891 1120 [ό.
916 1060 1007 1120 circa
1035 1057 1101 1120 hoc

138 1175 219 1228 sunt
242 1176 311 1228 tres
334 1167 524 1246 opiniones.
556 1166 639 1233 Una,
668 1165 761 1246 quod
784 1167 885 1246 panis
915 1174 1041 1234 manet,
1066 1175 1101 1226 et

138 1283 251 1334 tamen
285 1290 362 1334 curn
397 1291 439 1333 eo
472 1282 525 1334 est
560 1290 640 1333 vere
675 1269 803 1334 Christi
838 1269 981 1352 Corpus.
1007 1273 1096 1340 Alth,

138 1379 231 1462 quod
254 1381 353 1460 panis
378 1397 445 1440 non
470 1389 594 1449 manet,
619 1389 655 1440 et
679 1398 746 1440 non
781 1380 1003 1447 convertitur.
1038 1378 1100 1439 sed

138 1497 253 1549 tamen
277 1485 403 1547 desinit
426 1504 502 1548 esse
536 1505 598 1566 per
614 1529 617 1536 ,
633 1485 915 1546 annihilationem
949 1485 1007 1546 vel
1041 1504 1103 1565 per

139 1593 382 1656 resolutionem
407 1594 442 1654 in
466 1594 643 1654 materiam
668 1591 724 1653 vel
752 1611 814 1673 per
847 1593 1101 1672 corruptionem

140 1702 175 1762 in
199 1699 301 1761 aliud.
335 1700 439 1760 Tertia
470 1701 583 1778 opinio,
622 1698 716 1779 quod
749 1699 849 1778 panis
884 1717 952 1760 non
987 1708 1102 1759 manet

139 1807 200 1870 sed
223 1806 550 1868 transubstantiatur
573 1807 608 1866 in
632 1804 767 1885 Corpus
790 1803 918 1866 Christi
935 1814 970 1866 et
981 1807 1100 1866 vinum

140 1915 175 1975 in
199 1915 413 1995 sanguinem.
439 1911 613 1993 Quaelibet
647 1921 760 1973 autem
794 1913 939 1973 istarum
973 1913 1104 1992 opinio-

141 2039 221 2082 num
247 2020 357 2081 voluit
380 2019 574 2103 theologice
598 2019 733 2080 salvare
757 2018 850 2099 quod
874 2027 926 2080 est
950 2019 997 2079 ibi
1022 2037 1103 2079 vere

140 2128 275 2210 Corpus
298 2126 435 2197 Christi,
461 2128 630 2207 quiahoc
655 2141 783 2209 negate
806 2136 859 2189 est
890 2127 992 2207 plane
1026 2144 1104 2187 con-

139 2246 194 2297 tra
216 2234 328 2303 fidem,
353 2243 391 2295 ut
415 2237 525 2315 patuit
550 2252 654 2315 supra
678 2235 762 2295 Dist.
788 2254 816 2310 9.
841 2233 931 2295 Nam
944 2231 1104 2295 Christus

141 2344 199 2411 ait,
225 2342 336 2403 Matre.
361 2363 385 2402 c.
411 2345 481 2402 26..·
496 2340 572 2403 Hoc
596 2350 649 2402 est
667 2342 757 2402 enim
774 2359 899 2421 corpus
915 2358 1040 2401 meum.
1057 2338 1103 2400 Et

133 2450 229 2528 Joan.
254 2454 302 2509 6..·
337 2446 425 2511 Caro
449 2467 525 2509 mea
549 2468 629 2509 vere
660 2457 713 2508 est
736 2447 843 2508 cibus.
868 2446 915 2508 Et
939 2448 1016 2507 Luc.
1034 2465 1103 2507 en:

143 2555 220 2617 Hoc
243 2565 296 2616 est
319 2573 444 2636 corpus
467 2574 590 2623 meum,
615 2564 649 2615 et
672 2554 728 2615 hic
752 2562 804 2614 est
827 2555 972 2635 sanguis
995 2572 1102 2614 meus.

232 2661 297 2722 Pro
315 2664 423 2739 prima
447 2664 590 2738 opinione
613 2662 771 2741 arguitur
787 2663 895 2737 primo
918 2662 981 2721 sie:
999 2659 1106 2721 Nulla

142 2768 322 2849 pluralitas
345 2767 504 2849 ponenda
526 2776 578 2828 est
602 2768 677 2827 sine
700 2769 917 2838 necessitate;
943 2766 1004 2828 sed
1020 2768 1106 2827 veri·

143 2885 196 2937 tas
220 2873 448 2936 Eucharistiae
472 2874 597 2935 salvari
623 2884 736 2954 potest
761 2875 835 2935 sine
870 2873 1106 2935 transubstan-

143 2983 298 3053 tiatione;
324 3000 419 3063 ergo.
444 2980 590 3040 Probalio
606 2982 748 3047 minoris,
769 2981 851 3060 quia
866 2980 909 3041 ad
926 2980 1104 3041 veritatem

143 3087 370 3151 Eucharistiae
393 3088 577 3167 requiritur
600 3088 739 3169 signum
764 3096 798 3148 et
822 3088 997 3169 signatum
1011 3086 1107 3147 reali-

142 3205 194 3257 ter
217 3204 414 3256 contentum
440 3193 504 3255 sub
520 3194 714 3255 substantia
729 3195 842 3274 panis;
871 3194 932 3255 sed
949 3192 1105 3254 substan-

143 3304 192 3364 tia
214 3303 314 3383 panis
337 3320 414 3363 curn
439 3303 511 3362 suis
535 3301 768 3362 accidentibus
790 3320 889 3381 aeque
904 3309 1107 3381 potestesse

143 3411 283 3490 signum
308 3410 396 3470 sicut
419 3408 493 3469 sola
517 3408 716 3477 accidentia,
741 3409 846 3468 immo
869 3408 993 3489 magis,
1025 3408 1107 3486 quia

143 3515 337 3577 substantia
359 3517 458 3595 panis
482 3517 595 3597 magis
618 3524 671 3576 est
694 3516 758 3576 sub
793 3515 973 3594 speciebus
1005 3516 1108 3575 nutri-

143 3626 216 3684 tiva
240 3640 341 3702 quarn
377 3622 578 3693 accidentia;
619 3640 704 3703 ergo
737 3623 851 3703 magis
885 3630 1107 3701 repraesentat
