2600 4200
450 869 772 977 Distinctio
811 868 879 976 V.

386 1113 606 1190 Pnaetenea
638 1112 784 1211 inquid
816 1112 964 1190 solet...

385 1236 480 1301 Circa
499 1254 534 1320 5.
559 1236 647 1301 Dz'st.
672 1236 834 1318 quaritur
850 1237 959 1317 primo

552 1395 729 1478 Qumsno
754 1397 777 1458 Ι.

241 1557 348 1613 Utnum
365 1559 473 1613 nutura
489 1557 585 1612 dislnu
611 1555 798 1625 assumpserit
823 1555 867 1611 vel
893 1569 1039 1610 assumere
1056 1555 1162 1623 potuit

186 1649 325 1702 usturam
343 1647 509 1702 humanam.

254 1793 393 1855 Videtur
416 1793 506 1874 quod
529 1793 583 1879 sic,
601 1812 660 1873 per
687 1791 917 1874 Augustinum
949 1793 988 1853 de
1013 1791 1085 1874 fide
1106 1792 1167 1853 ad

187 1901 334 1975 Petrum,
359 1901 421 1974 illa,
457 1900 570 1982 inquit,
601 1910 716 1962 natura
759 1919 834 1980 quae
872 1919 1001 1980 semper
1039 1908 1159 1960 manet

190 2008 298 2090 genita
326 2009 415 2088 apud
447 2017 572 2088 patrem
604 2016 749 2068 nostram
785 2015 935 2068 naturam
971 2006 1039 2068 sine
1076 2025 1163 2086 pec-

188 2126 264 2178 cato
288 2116 438 2196 suscepit.

259 2239 287 2283 2.
313 2222 482 2283 Praeterea.
508 2220 651 2301 Quando
675 2222 782 2301 aliqua
805 2230 881 2282 sunt
904 2220 991 2281 idem
1016 2219 1160 2295 realiter,

189 2328 351 2410 quidquid
374 2327 525 2389 convenit
549 2328 603 2389 uni
627 2328 779 2390 convenit
802 2328 909 2389 alteri:
934 2328 990 2388 sed
1014 2347 1162 2408 persona

188 2444 222 2499 et
245 2434 355 2497 divina
379 2444 493 2496 natura
517 2443 592 2495 sunt
616 2434 702 2497 idem
727 2435 868 2509 realiter;
886 2455 966 2515 ergo
989 2434 1157 2515 quidquid

190 2542 343 2605 convenit
367 2538 421 2603 uni
445 2542 597 2603 convenit
630 2541 730 2603 alteri.
769 2541 833 2605 Sed
869 2561 1007 2622 persona
1042 2540 1158 2604 divina

192 2648 367 2729 assumpsit
383 2656 533 2709 naturam
556 2647 752 2724 humanam;
777 2669 856 2729 ergo
872 2647 1016 2710 similiter
1041 2656 1164 2711 natura

153 2748 156 2753 ’
193 2754 301 2818 divina
324 2755 499 2835 assumpsit
522 2764 672 2816 naturam
697 2755 886 2816 humanam.

262 2878 290 2941 3.
315 2858 489 2935 Praeterea,
518 2861 597 2922 illud
631 2861 721 2942 quod
756 2862 901 2923 continet
924 2860 1165 2971 perfectionem

193 2967 351 3049 suppositi
374 2968 472 3029 creati
508 2976 614 3049 potest
648 2968 752 3030 vicem
789 2968 870 3030 iilius
905 2968 1073 3049 supplere;
1100 2971 1165 3032 sed

191 3074 327 3137 essentia
341 3074 458 3148 divina,
473 3094 549 3137 cum
561 3075 602 3136 sit
617 3074 754 3147 infinita,
768 3076 913 3138 continet
925 3074 1164 3156 perfectionem

193 3181 352 3262 suppositi
376 3182 490 3255 creati;
515 3202 594 3263 ergo
629 3190 737 3262 potest
760 3182 864 3244 vicem
896 3182 966 3262 ejus
996 3182 1164 3263 supplere,

192 3297 226 3350 et
250 3308 306 3369 per
329 3308 530 3370 consequens
554 3298 705 3351 naturam
729 3288 908 3351 humanam
932 3308 1105 3352 assumere.

266 3390 394 3458 Contra.
417 3394 559 3475 Quando
575 3396 683 3476 aliqua
699 3403 775 3457 sunt
792 3396 822 3456 in
839 3397 948 3477 aliquo
965 3394 1166 3470 indivisibili,

193 3501 354 3582 quidquid
378 3501 486 3563 unitur
509 3501 552 3563 illi
575 3502 758 3563 indivisibili
775 3502 884 3563 unitur
900 3502 968 3564 aliis
984 3522 1058 3583 quae
1082 3512 1168 3566 sunt

194 3608 226 3669 in
250 3628 298 3669 e0.
324 3609 532 3689 Exemplum.
558 3608 590 3671 Si
608 3610 683 3670 duae
701 3610 792 3670 iineae
816 3619 893 3671 sunt
909 3609 1008 3671 unitae
1025 3618 1169 3691 puncto,
