2600 4200
241 217 282 276 68
469 213 543 274 ΜΒ.
570 213 621 274 IV
647 211 954 276 Sanrsnmauu

216 412 286 453 non
311 392 527 454 administrat
543 389 765 454 Sacramenta
780 411 841 472 per
856 392 1018 454 exclusos
1032 392 1186 455 finaliter

216 519 237 560 a
260 498 380 570 salute,
405 508 477 561 tum
502 500 583 579 quia
606 498 665 560 ille
687 501 843 560 minister
877 519 1011 580 semper
1034 501 1184 562 intendit

215 607 259 667 ad
298 604 462 676 fraudem,
497 615 570 667 tum
606 607 687 686 quia
721 606 922 668 adversatur
944 605 1122 676 Ecclesiae,
1146 617 1183 668 et

215 713 266 774 sic
290 712 436 774 intendit
459 710 570 774 facere
594 714 789 792 oppositum
814 713 887 792 ejus
918 713 1010 792 quod
1034 715 1184 775 intendit

214 817 381 879 Ecclesia.

305 1012 368 1074 Ao
391 1025 665 1074 Ansuirsnruu
689 1027 730 1073 ni
754 1027 967 1075 opnosrrun
997 1015 1181 1077 dicendum

214 1119 308 1200 quod
332 1119 427 1180 solus
451 1118 619 1181 Sacerdos
642 1128 757 1199 potest
780 1121 950 1182 dimittere
974 1130 1113 1201 peccata
1135 1122 1181 1182 ad

215 1225 353 1286 modum
387 1225 513 1306 judicis
551 1234 585 1286 et
619 1225 748 1296 arbitri,
777 1245 856 1305 quae
890 1229 1109 1288 remittuntur
1143 1230 1179 1289 in

202 1333 433 1412 ,poenitentia
459 1333 519 1393 sed
543 1333 577 1392 in
602 1331 782 1411 Baptismo
805 1335 1024 1395 remittuntur
1039 1344 1183 1414 peccata

215 1425 344 1500 virtute
368 1437 578 1500 Sacramenti
604 1439 733 1518 absque
757 1439 896 1501 arbitrio
920 1440 976 1501 vel
993 1440 1131 1520 judicio.

563 1703 746 1784 Quassrro
770 1689 832 1765 ΙΙΙ.

334 1848 390 1906 Ad
411 1849 534 1906 tertiam
563 1844 772 1920 Quoestionem
795 1849 839 1906 sic
855 1849 1055 1924 proceditur:

306 1988 453 2050 Videtur
476 1988 568 2068 quod
591 1989 672 2048 mali
697 1986 900 2050 Sacerdotes
931 2008 999 2050 non
1032 2000 1182 2070 possunt

213 2097 387 2176 baptizare
404 2116 463 2157 seu
481 2093 633 2157 conferre
651 2095 878 2176 Baptismum
891 2098 973 2177 quia
987 2097 1178 2159 membrum

214 2204 347 2263 aridum
372 2222 440 2263 non
464 2211 578 2283 potest
601 2220 677 2278 esse
701 2220 805 2263 causa
827 2201 990 2264 influendi
1011 2206 1117 2265 vitam
1142 2206 1177 2265 in

214 2310 309 2370 aliud
332 2308 542 2380 membrum;
567 2309 627 2369 sed
651 2308 763 2369 malus
789 2307 958 2370 Sacerdos
991 2319 1044 2371 est
1076 2329 1181 2371 mem·

199 2416 314 2477 -brum
339 2415 470 2475 aridum
494 2413 679 2486 Ecclesiae;
708 2434 792 2495 ergo
827 2435 896 2475 non
930 2426 1045 2496 potest
1079 2416 1178 2478 alteri

214 2523 321 2583 vitam
347 2540 408 2581 seu
432 2523 578 2603 gratiam
603 2518 766 2582 conferre.
967 2600 969 2604 Ι

305 2628 344 2687 In
367 2630 560 2687 contrarium
584 2636 637 2688 est
661 2626 831 2708 Magister
853 2629 888 2689 in
913 2629 1020 2689 litera.

141 2788 144 2795 .
255 2740 262 2745 ‘
304 2734 366 2795 An
391 2746 506 2796 istan
530 2746 788 2809 ouAEsrrousn
811 2743 906 2815 patet
929 2754 974 2796 ex
1007 2735 1108 2796 dictis
1141 2737 1177 2797 in

209 2860 243 2917 3.
274 2842 412 2901 Conclus.
430 2847 527 2919 proec.
555 2848 662 2919 quoest.
698 2839 851 2920 Quilibet
885 2842 975 2902 enim
1010 2839 1180 2904 Sacerdos

214 2948 274 3028 qui
298 2948 401 3008 habet
424 2948 637 3011 conditiones
661 2948 707 3009 ibi
724 2950 855 3027 positas
871 2949 1051 3010 intendens
1067 2947 1180 3010 facere

214 3054 307 3134 quod
334 3052 490 3114 Ecclesia
524 3051 614 3125 facit,
652 3064 954 3133 quantumcunque
987 3056 1033 3115 sit
1055 3055 1178 3124 malus,

213 3180 296 3221 vere
318 3160 478 3240 baptizat.
503 3159 549 3221 Et
572 3160 636 3221 hoc
653 3160 775 3239 probat
791 3160 961 3241 Magister
975 3180 1037 3241 per
1052 3161 1181 3223 multas

215 3268 435 3328 auctoritates
460 3269 493 3328 in
519 3267 618 3328 litera
640 3268 791 3328 maxime
807 3267 1000 3348 Augustini
1017 3267 1176 3329 dicentis:

214 3374 415 3454 Baptismus
439 3383 491 3435 est
515 3373 594 3434 talis
617 3373 730 3453 qualis
753 3384 805 3435 est
828 3373 887 3435 ille
910 3374 944 3435 in
969 3374 1067 3454 cujus
1086 3383 1181 3454 pote-

214 3488 303 3541 state
327 3480 436 3549 datur‚
462 3498 529 3540 non
554 3479 667 3559 qualis
690 3490 743 3540 est
766 3480 823 3541 ille
839 3500 900 3559 per
916 3481 1013 3560 qu'us
1028 3482 1181 3541 ministe-

214 3589 303 3647 rium
330 3587 441 3647 datur.
466 3586 552 3647 Item
588 3586 678 3646 idern
714 3586 936 3668 Augustinus
970 3587 1072 3648 dicit:
1098 3605 1178 3668 eg0‚
