2600 4200
333 229 522 290 Drsrrucr.
549 227 719 292 XXXVI
745 226 934 309 QuAEsr.l
1037 249 1095 306 321

159 427 280 473 sumus
303 409 412 477 liberi,
438 407 498 468 sed
525 425 570 469 ex
605 407 673 468 alia
707 406 785 488 lege
819 407 970 486 positiva
1004 425 1124 470 sumus

160 516 263 576 servi.
288 513 366 575 Non
391 523 505 576 autem
529 514 584 575 hic
602 515 725 594 loquor
736 514 779 574 de
794 514 960 574 servitute
976 531 1055 592 quae
1071 522 1125 574 est

158 621 327 702 subjectio
350 618 475 690 filialis,
500 620 561 683 sed
584 620 706 700 loquor
729 619 772 680 de
796 620 960 680 servitute
977 638 1055 700 quae
1071 627 1125 680 est

158 727 326 808 subjectio
350 727 496 796 servilis,
520 727 564 788 de
587 745 655 806 qua
677 726 830 806 loquitur
860 726 1068 787 Aristoteles
1091 745 1118 785 r.

159 834 283 894 Polz'tic.
304 853 337 910 3.
363 833 420 894 ubi
445 834 528 896 dicit
552 833 644 912 quod
668 841 765 893 tanta
787 840 839 893 est
874 833 1037 895 distantia
1068 832 1125 893 do-

159 941 244 1002 mini
270 940 313 1001 ad
336 958 475 1002 servum
499 948 628 1020 quanta
651 948 704 1000 est
728 939 892 1000 distantia
915 939 1064 999 hominis
1081 937 1124 998 ad

157 1046 319 1117 bestiam
344 1055 378 1108 et
402 1048 491 1108 sicut
514 1047 617 1106 homo
640 1054 755 1126 potest
785 1044 933 1106 vendere
966 1045 1122 1114 bestiam,

158 1153 208 1214 ita
230 1153 390 1218 dominus
414 1171 562 1214 servum.
588 1149 719 1214 Servus
742 1153 855 1221 etiarn,
880 1161 918 1213 ut
934 1150 1060 1212 ibidem
1077 1151 1124 1211 di-

158 1259 257 1330 citur,
281 1277 350 1320 non
374 1267 488 1338 potest
511 1277 671 1319 exercere
695 1268 792 1318 actus
815 1259 964 1327 virtutis
988 1275 1051 1336 pro
1082 1277 1124 1317 eo
1224 1273 1229 1307 τ

158 1363 252 1444 quod
275 1373 410 1443 oportet
433 1383 511 1424 eum
535 1363 578 1424 ad
594 1371 804 1443 praeceptum
821 1363 950 1424 domini
964 1363 1016 1424 sui
1029 1382 1124 1424 exer·

158 1488 236 1530 cere
249 1479 346 1530 actus
363 1468 515 1530 serviles.
534 1469 622 1530 Dico
633 1487 718 1549 ergo
735 1467 997 1530 Conclusionem
1010 1470 1122 1538 istam,

158 1574 253 1654 quod
276 1575 443 1654 subjectio
467 1557 645 1635 servitutis
668 1575 842 1654 praedictae
865 1582 917 1635 est
941 1574 1051 1655 alege
1066 1593 1124 1654 po·

161 1680 275 1750 sitive,
301 1682 382 1761 quia
405 1698 483 1741 curn
508 1699 576 1741 non
600 1681 646 1740 sit
669 1698 690 1740 a
713 1690 844 1748 natura,
869 1699 932 1760 pro
955 1699 996 1740 eo
1030 1679 1123 1759 quod

159 1785 361 1847 naturaliter
384 1805 504 1848 omnes
528 1805 647 1847 sumus
669 1804 781 1865 pares,
799 1788 954 1866 sequitur
969 1786 1061 1866 quod
1077 1788 1123 1846 sit

157 1912 179 1952 a
201 1891 280 1974 lege
303 1894 462 1972 positiva.

247 2104 312 2169 De
330 2106 522 2182 seeundo,
539 2105 670 2167 scilicet
686 2107 714 2167 si
728 2107 794 2166 ista
806 2108 954 2167 servitus
970 2115 1022 2167 est
1031 2106 1123 2185 juste

157 2212 362 2280 introducta,
387 2212 464 2273 dico
488 2212 581 2292 quod
605 2231 673 2273 non
697 2221 899 2291 potestesse
911 2211 1003 2291 juste
1020 2213 1123 2273 intro-

159 2317 263 2378 ducta
286 2319 351 2378 nisi
376 2318 568 2397 dupliciter.
594 2317 675 2380 Uno
691 2318 803 2387 modo,
821 2318 914 2397 quod
929 2302 1126 2379 voluntarie*

157 2442 195 2484 se
219 2423 365 2503 subiciat
389 2426 557 2493 servituti,
583 2434 617 2485 et
641 2425 690 2485 sic
714 2422 844 2485 faciens
866 2421 1123 2485 faceretcontra

157 2530 272 2611 legem
300 2540 443 2599 naturae,
468 2539 581 2591 tamen
606 2550 651 2591 ex
667 2550 736 2611 quo
758 2528 886 2591 factum
912 2539 965 2591 est
982 2548 1121 2592 necesse

156 2646 211 2696 est
234 2655 309 2697 earn
334 2654 480 2697 servare.
506 2636 589 2697 Alio
614 2638 726 2706 modo,
751 2638 780 2697 si
804 2637 882 2715 quis
902 2636 993 2715 juste
1017 2636 1122 2697 domi·

159 2762 247 2803 nans
271 2744 507 2803 communitati
532 2744 654 2804 videns
678 2743 812 2823 aliquos
836 2743 929 2804 abuti
964 2742 1121 2805 libertate

155 2858 297 2930 propter
319 2850 447 2910 bonurn
472 2849 680 2929 reipublicae,
698 2858 732 2910 et
747 2858 887 2929 propter
903 2850 1029 2910 bonum
1046 2850 1120 2929 ejus

153 2958 214 3036 qui
239 2956 390 3017 abutitur
413 2955 579 3026 libertate,
605 2964 720 3035 potest
735 2975 813 3018 eum
831 2955 991 3017 reducere
1008 2956 1042 3016 in
1056 2965 1121 3017 sta·

153 3072 228 3123 tum
253 3062 440 3133 servitutiS‚
466 3065 555 3123 sicut
577 3064 681 3123 ctiam
705 3082 765 3124 eos
789 3064 823 3123 in
847 3064 950 3123 certis
981 3062 1120 3124 casibus

153 3179 272 3249 posset
295 3170 459 3230 occidere.
485 3156 523 3231 Si
548 3179 661 3231 autem
685 3178 833 3249 ponatur
856 3170 956 3230 tertia
987 3172 1120 3249 species

153 3277 332 3336 servitutis
356 3285 497 3356 utputa
519 3284 640 3356 captus
664 3277 699 3337 in
723 3275 814 3336 bello
838 3284 1070 3355 praeservatur
1099 3296 1120 3336 a

153 3392 263 3443 morte
287 3391 321 3443 et
345 3380 490 3443 efficitur
513 3400 647 3454 servus3
688 3382 749 3443 sed
782 3382 838 3443 hic
872 3402 939 3443 nou
976 3392 1119 3462 apparet

152 3486 334 3550 manifeste
354 3490 498 3570 justitia,
523 3490 604 3569 quia
627 3488 708 3549 licet
730 3498 850 3569 captor
876 3490 1002 3568 poterit
1034 3491 1119 3550 occi-

152 3596 233 3657 dere
257 3596 431 3675 captivum
456 3603 568 3656 stante
592 3597 780 3675 pertinacia
795 3596 904 3675 ipsius
921 3595 1118 3657 contrabel·
