2600 4200
344 111 351 138 Ι

340 155 345 170 u

235 219 269 270 u<
451 209 525 272 Lrss.
551 209 603 272 IV
628 210 933 273 Sauraurmmm

205 405 332 486 figurat
355 409 646 468 circumcisionem
678 418 713 469 ot
746 407 968 489 abjectionem
993 409 1170 480 vitiorum.

207 522 282 594 quaa
311 527 444 596 semper
470 525 523 577 cst
546 515 610 578 sub
633 524 815 596 praecepto

293 692 357 770 ,Ao
381 707 654 756 succursurum
678 707 917 763 cumcuma,
941 713 1018 757 cum
1042 695 1170 759 dicitur

207 801 297 879 quod
321 800 422 880 culpa
447 820 514 862 non
538 802 729 863 dimittatur
752 803 818 864 nisi
838 803 974 883 justitia
1007 806 1170 884 opposita

207 909 415 976 restituatur,
439 910 505 968 dero
528 909 619 989 quod
647 909 758 990 culpae
786 909 946 992 originali
981 911 1170 992 opponitur

207 1013 335 1096 aliquid
360 1013 555 1086 formaliter.
589 1017 720 1078 scilicet
749 1017 884 1098 justitia
910 1017 1100 1099 originalis,
1131 1029 1169 1080 ot

207 1123 390 1201 opponitur
414 1123 543 1203 aliquid
567 1123 769 1195 virtualiter,
783 1124 913 1186 scilicet
929 1126 1061 1206 gratia3
1086 1124 1169 1187 licct

207 1247 290 1309 orgo
315 1249 382 1290 non
407 1232 606 1292 restituatur
618 1232 753 1313 justitia
768 1231 957 1314 originalis,
975 1233 1169 1295 restituitur

207 1345 319 1398 tamen
345 1339 456 1420 gratia
480 1357 556 1419 quae
579 1339 765 1420 opponitur
787 1340 818 1401 ci
843 1339 1044 1402 virtualiter.

562 1568 744 1651 Qurasrro
769 1569 813 1632 V.

262 1727 266 1733 '
319 1713 374 1772 Ad
394 1715 535 1792 quintam
563 1715 772 1788 Quaestionem
794 1716 838 1775 sic
854 1715 1055 1792 proceditur:

297 1836 443 1900 Videtur
466 1839 558 1919 quod
581 1858 626 1900 ex
650 1841 684 1901 vi
709 1837 986 1903 Circumcisionis
1010 1858 1169 1904 noncon·

207 1941 377 2006 ferebatur
401 1947 522 2027 gratia,
548 1947 629 2026 quia
659 1945 916 2009 Sacramentum
949 1965 1016 2008 non
1048 1958 1168 2010 causat

208 2053 270 2113 uisi
298 2053 388 2132 quod
413 2055 548 2135 signat;
575 2054 634 2115 scd
658 2055 871 2117 circumcisio
897 2063 1030 2119 tantum
1061 2055 1169 2139 signi·

207 2160 329 2222 ficabat
354 2160 559 2222 ablationem
582 2163 691 2241 partis
714 2182 735 2222 a
757 2171 840 2231 toto,
865 2171 899 2223 ct
933 2181 1001 2225 non
1036 2162 1167 2246 aliquid

207 2269 414 2349 positivum
439 2287 524 2350 ergo
549 2288 614 2330 non
640 2267 878 2330 conferebatur
901 2271 1022 2351 gratia.

301 2375 423 2435 Contra.
438 2376 533 2437 Roda
544 2383 639 2453 super
655 2377 785 2444 Lucam,
806 2376 1019 2440 circumcisio
1036 2378 1070 2439 in
1089 2378 1167 2463 lege

208 2483 332 2562 agebat
360 2483 451 2562 quod
487 2482 687 2563 Baptismus
721 2493 875 2564 tempore
909 2486 1031 2565 gratita
1063 2504 1167 2569 agero

207 2591 405 2659 consucvit:
432 2591 491 2651 sod
516 2590 714 2670 Baptismus
738 2589 869 2652 confert
884 2593 1054 2673 gratiam:
1070 2611 1164 2677 ergo,

296 2697 339 2758 Iu
352 2712 436 2759 ism
449 2710 675 2773 Quusrroua
690 2709 771 2761 sunt
781 2708 851 2759 tres
867 2698 1039 2762 Articuli:
1056 2698 1167 2761 Ponto

208 2814 259 2865 ost
284 2806 468 2866 videndum
493 2807 521 2867 si
546 2806 588 2867 dc
611 2808 764 2885 potentia
787 2804 853 2868 Dei
881 2805 1038 2869 absoluta
1052 2817 1167 2887 potest

209 2914 332 2973 romitti
365 2913 465 2993 culpa
500 2913 679 2993 originalis
712 2915 786 2973 sino
824 2911 996 2975 infusione
1034 2916 1164 2997 gratiae.

209 3022 356 3083 tS'rrruzdo.
385 3023 413 3081 si
439 3021 480 3081 dc
504 3022 657 3103 potentia
687 3018 752 3080 Dei
788 3020 945 3081 ordinata
974 3031 1090 3101 potest
1120 3041 1167 3085 re·

209 3129 296 3189 mitti
322 3128 422 3207 culpa
445 3127 624 3208 originalis
647 3128 721 3188 sine
745 3126 916 3189 infusione
936 3130 1067 3210 gratiae.
1098 3130 1166 3191 Ter·

209 3238 259 3302 lio,
288 3244 339 3295 ost
362 3234 545 3295 videndum
563 3236 591 3295 si
609 3236 642 3296 in
659 3235 916 3297 circumcisione
930 3232 1165 3299 conferebatur

210 3343 329 3422 gratia.

303 3520 520 3599 eruutuuo
543 3522 599 3584 cui
618 3521 827 3599 primum,
851 3531 903 3584 est
938 3542 1006 3584 una
1039 3522 1161 3604 opinio,

210 3626 301 3701 quod
325 3624 419 3685 Dous
443 3626 484 3685 dc
508 3629 661 3703 potcutia
684 3648 746 3688 sua
770 3628 927 3691 absoluta
958 3649 1026 3692 non
1059 3630 1163 3712 possit
