2600 4200
313 253 503 322 DISTlNCT.
528 255 577 317 VI
603 252 752 334 Qum.
777 253 792 317 1
983 268 1024 338 57

122 459 338 537 consequentiam
362 462 439 542 quia
462 469 651 522 concretum
688 479 753 521 non
777 467 967 520 numeratur
993 459 1049 521 ab·

124 577 174 638 sque
190 567 408 629 numeratione
431 565 599 648 suppositi,
631 566 714 628 sicut
737 574 827 647 patet
850 565 891 626 de
915 564 1047 627 homine

126 661 218 734 bibente
236 673 393 736 scientias
417 674 508 747 duas,
532 674 622 755 quod
647 672 843 735 nondicitur
856 673 923 734 duo
943 671 1047 734 scieii-

124 779 170 849 tes;
185 777 219 842 ita
236 781 272 842 in
300 779 469 862 proposito
494 800 559 843 non
583 779 746 862 sequitur:
770 786 846 840 sunt
869 778 937 841 duo
966 799 1046 851 esse,

122 896 175 960 ergo
190 888 276 962 entia;
302 887 386 948 sicut
406 887 504 949 etiam
521 886 659 949 dicimus
675 885 765 968 quod
782 885 814 947 in
828 884 959 949 Christo
971 894 1047 947 sunt

124 983 172 1049 duae
188 994 363 1056 voluntates
385 1003 418 1056 et
446 1003 555 1055 tamen
580 1012 645 1055 non
670 992 815 1073 sequitur
839 993 930 1074 quod
954 991 1045 1056 Chri·

122 1101 168 1155 stus
184 1098 214 1159 sit
232 1101 303 1162 duo
327 1101 473 1163 volentes
496 1101 552 1161 sed
577 1120 662 1162 unus
677 1099 798 1161 volens,

167 1203 210 1264 Ad
225 1206 401 1268 secundum
426 1207 500 1268 dico
523 1207 613 1288 quod
635 1215 684 1267 est
696 1206 738 1267 ad
755 1204 955 1286 oppositum,
969 1225 1044 1266 nam

123 1299 173 1367 ideo
190 1310 214 1371 in
233 1333 301 1374 uno
325 1314 453 1376 lucente
487 1322 535 1374 est
569 1333 673 1374 unum
705 1313 811 1373 lucete
844 1310 921 1392 quia
954 1311 1046 1392 poni·

121 1415 158 1472 tur
175 1414 199 1477 in
217 1439 251 1480 eo
269 1439 334 1481 una
358 1420 416 1481 lux
429 1439 437 1494 ;
461 1420 518 1482 sed
541 1419 566 1480 si
590 1429 697 1480 essent
720 1417 752 1479 in
776 1438 816 1479 eo
839 1419 947 1499 plures
960 1416 1046 1479 luces

121 1530 198 1582 essent
215 1523 242 1586 in
263 1546 304 1587 eo
328 1527 421 1607 plura
445 1527 560 1599 lucere,
584 1533 615 1587 et
648 1525 725 1607 quia
760 1524 792 1586 in
825 1523 954 1588 Christo
970 1533 1046 1586 sunt

123 1624 200 1701 plures
218 1642 346 1706 natum,
370 1652 451 1714 ergo
475 1633 506 1694 in
530 1653 570 1694 eo
594 1641 670 1694 sunt
693 1631 787 1712 plura
809 1651 887 1692 esse.

170 1734 215 1794 Ad
232 1738 380 1800 ultimum
403 1738 477 1801 dico
500 1738 591 1820 quod
615 1737 668 1799 illa
691 1757 768 1820 quae
791 1736 904 1799 dicunt
920 1737 1046 1798 diversa

121 1853 171 1898 esse
182 1849 207 1900 et
221 1844 366 1907 uniuntur
382 1865 439 1928 per
466 1844 693 1907 inhaerentiam
709 1842 926 1906 benefaciunt
940 1862 1043 1903 unum

125 1960 165 2020 per
181 1948 325 2015 accidens:
350 1953 407 2013 sed
430 1972 468 2012 ea
496 1972 571 2033 quae
608 1951 765 2013 uniuntur
802 1970 860 2031 per
892 1949 1044 2030 illapsum

122 2061 386 2140 quantumcumque
409 2057 517 2121 dicant
554 2057 680 2121 diversa
718 2076 788 2119 esse
818 2076 884 2118 non
924 2053 1046 2117 faciunt

124 2174 201 2219 unum
220 2180 269 2241 per
289 2164 446 2239 accidens
470 2174 502 2227 et
514 2163 559 2227 sic
571 2175 619 2227 est
643 2165 675 2226 in
692 2164 869 2247 proposit0,
883 2162 959 2244 quia
972 2182 1044 2224 ver-

127 2258 186 2325 bum
204 2266 333 2333 divinum
358 2280 408 2333 est
432 2271 559 2334 unitum
576 2280 702 2334 naturae
717 2268 871 2333 humanae
885 2290 941 2351 per
959 2268 1047 2350 illas

122 2386 187 2431 sum.
