2600 4200
233 246 293 312 ¹72
495 230 569 295 Lru.
594 230 640 295 111
664 230 959 295 Ssuruurrnuuu

204 434 319 511 infusa,
343 438 476 521 ponitur
501 438 589 502 enim
613 446 649 501 ut
673 436 817 521 perficiat
834 437 1034 500 intellectum
1046 437 1078 499 in
1090 445 1170 500 actu

205 544 313 626 primo
336 553 368 608 et
392 544 424 609 in
447 553 522 608 actu
547 545 702 619 secundo,
715 543 791 627 quia
810 544 895 607 sicut
918 543 1056 607 charitas
1072 542 1173 626 perti·

206 650 250 714 cit
272 651 476 715 voluntatem
500 650 532 714 in
554 660 631 715 actu
656 651 763 735 primo
785 660 818 714 et
844 650 877 713 in
907 661 982 714 actu
1013 650 1172 727 secundo,

205 758 283 839 quia
305 778 363 841 per
385 757 577 821 charitatem
604 766 753 821 movetur
775 756 941 820 ardentius
964 757 1048 820 circa
1070 756 1171 820 dilec-

205 864 328 935 tionem
353 864 425 938 Dei,
451 864 494 927 ita
518 864 700 927 intellectus
722 884 780 947 per
796 863 894 926 fidem
908 862 1047 926 infusam
1061 883 1173 926 move·

205 980 258 1035 tur
271 992 346 1035 cum
361 970 474 1053 majori
487 991 618 1035 assensu
636 972 721 1034 circa
733 971 959 1034 credulitatem
971 970 1171 1034 divinorum.

279 1182 505 1269 ovantum
562 1186 628 1251 ad
680 1185 858 1251 tertium
915 1183 1172 1251 Articulum

206 1290 322 1354 dicitur
346 1291 565 1355 communiter
588 1291 679 1373 quod
702 1289 783 1355 fides
805 1291 910 1354 infusa
921 1301 954 1354 et
966 1290 1047 1353 fides
1061 1289 1175 1371 acqui·

206 1397 267 1459 sita
290 1407 366 1461 sunt
399 1398 529 1461 alterius
559 1398 692 1461 rationis
729 1397 805 1480 quia
828 1397 854 1460 si
881 1393 997 1461 essent
1021 1397 1173 1479 ejusdem

206 1503 338 1567 rationis
360 1504 461 1567 altera
484 1503 695 1588 superflueret
718 1504 809 1586 quod
832 1513 915 1567 esset
938 1503 1174 1567 inconveniens

206 1610 283 1691 quia
305 1630 428 1673 vanum
451 1621 500 1675 est
523 1610 589 1674 fieri
615 1632 672 1693 per
688 1612 781 1694 plura
797 1612 887 1693 quod
904 1619 1012 1693 potest
1027 1609 1094 1673 fieri
1109 1630 1173 1693 per

207 1716 362 1799 pauciora
382 1738 425 1779 ex
448 1736 478 1781 1.
502 1716 604 1800 Phys.

272 1822 446 1897 Proeterea,
470 1824 495 1886 si
520 1824 600 1888 fides
622 1824 780 1908 acquisita
803 1834 836 1887 et
863 1822 944 1887 fides
969 1823 1074 1886 infusa
1100 1844 1174 1888 non

206 1938 313 1991 essent
334 1930 464 1993 alterius
499 1932 639 2005 rationis
667 1941 747 1995 tunc
780 1931 863 1994 sicut
897 1930 978 1994 fides
1011 1929 1174 2013 acquisita

206 2045 314 2118 potest
347 2036 469 2119 acquiri
504 2038 701 2113 naturaliter,
733 2039 778 2102 ita
811 2036 892 2103 fides
923 2036 1029 2102 inlusa
1057 2048 1174 2120 posset

205 2143 328 2224 acquiri
353 2145 547 2220 naturaliter,
572 2147 661 2228 quod
685 2155 733 2209 est
756 2145 884 2208 salsum.

272 2249 446 2326 Proeterea‚
463 2252 605 2334 probant
623 2252 721 2334 aliqui
739 2252 825 2314 idem
841 2252 900 2314 sic:
917 2260 1009 2314 actus
1020 2249 1173 2314 differen-

206 2365 255 2419 tes
289 2357 395 2438 specie
428 2369 573 2441 arguunt
607 2379 720 2422 causas
754 2359 936 2422 differentes
962 2357 1082 2440 specie;
1109 2358 1173 2422 sed

205 2471 298 2526 actus
322 2461 396 2530 fidei
420 2465 586 2547 acquisitae
610 2475 643 2528 et
666 2464 740 2528 fidei
752 2466 867 2528 infusae
880 2465 1031 2527 differunt
1046 2463 1170 2546 specie:

206 2589 295 2652 ergo,
319 2579 379 2633 etc.
401 2572 554 2635 Probatio
579 2571 726 2652 minoris,
742 2573 819 2654 quia
842 2581 934 2635 actus
954 2570 1029 2634 fidei
1053 2570 1171 2633 infusae

206 2685 255 2738 est
278 2678 407 2740 credere
430 2679 549 2741 divinae
572 2679 698 2742 veritati
723 2688 855 2762 propter
867 2700 900 2740 se
913 2679 964 2740 cui
978 2699 1043 2742 non
1057 2677 1170 2741 subest

205 2783 339 2864 aliquod
374 2784 501 2860 salsum,
536 2797 629 2850 actus
663 2795 773 2848 autem
809 2784 883 2848 fidei
918 2784 1086 2867 acquisita:
1119 2795 1171 2847 est

206 2889 336 2952 credere
351 2891 470 2953 divina:
487 2893 613 2955 veritati
627 2902 759 2975 propter
775 2893 906 2975 signum
922 2901 956 2954 et
971 2889 1046 2954 fidei
1061 2892 1170 2973 acqui-

206 2995 276 3058 sitae
300 3005 407 3078 potest
431 2998 561 3060 subesse
584 3000 716 3081 aliquod
740 2997 875 3075 falsum3
900 3017 990 3080 erg0,
1014 3007 1078 3062 etc.

273 3103 355 3166 Item
378 3115 472 3167 actus
496 3105 569 3168 fidei
593 3104 759 3188 acquisita
775 3103 959 3168 verificatur
981 3103 1170 3167 testimonio

206 3207 325 3271 lallibili
349 3211 425 3292 quia
449 3213 636 3276 testimonio
661 3213 832 3275 hominum
849 3209 1095 3295 quodsallitu13
1114 3231 1171 3273 ac-

206 3322 258 3376 tus
282 3324 391 3378 autem
416 3315 489 3380 fidei
515 3318 628 3380 infusae
653 3317 835 3411 verificatur
870 3317 1057 3384 testimonio
1081 3315 1171 3380 infal-

207 3419 283 3482 libili
308 3431 388 3503 puta
411 3415 596 3487 testimonio
609 3426 719 3488 divino
742 3425 1013 3507 quodnunquam
1039 3421 1168 3488 fallitur.

208 3525 272 3588 Sel
296 3528 356 3590 ista
380 3530 460 3592 ratio
485 3530 583 3594 habet
606 3533 761 3615 majorem
785 3530 898 3594 falsam
922 3530 1000 3614 quia
1029 3531 1077 3594 sol
1102 3549 1173 3592 ma·

207 3649 287 3691 neus
311 3632 396 3694 idem
421 3638 600 3698 secundum
625 3639 776 3718 speciem,
802 3636 900 3700 habet
934 3637 1096 3700 desiccare
1118 3635 1173 3697 lu-
