<?xml version="1.0" encoding="UTF-8"?>
<!DOCTYPE html PUBLIC "-//W3C//DTD XHTML 1.0 Transitional//EN"
    "http://www.w3.org/TR/xhtml1/DTD/xhtml1-transitional.dtd">
<html xmlns="http://www.w3.org/1999/xhtml" xml:lang="en" lang="en">
 <head>
  <title>
</title>
<meta http-equiv="Content-Type" content="text/html;charset=utf-8" />
  <meta name='ocr-system' content='tesseract 3.04.00' />
  <meta name='ocr-capabilities' content='ocr_page ocr_carea ocr_par ocr_line ocrx_word'/>
</head>
<body>
  <div class='ocr_page' id='page_1' title='image "./commentariainli02scotgoog_0660.png"; bbox 0 0 2600 4200; ppageno 0'>
   <div class='ocr_carea' id='block_1_1' title="bbox 235 213 946 293">
    <p class='ocr_par' dir='ltr' id='par_1_1' title="bbox 235 213 946 293">
     <span class='ocr_line' id='line_1_1' title="bbox 235 213 946 293; baseline 0 -17"><span class='ocrx_word' id='word_1_1' title='bbox 235 219 296 293; x_wconf 82' lang='lat'>38²</span> <span class='ocrx_word' id='word_1_2' title='bbox 462 215 536 276; x_wconf 83' lang='lat' dir='ltr'>Lm.</span> <span class='ocrx_word' id='word_1_3' title='bbox 562 214 615 276; x_wconf 87' lang='lat' dir='ltr'>IV</span> <span class='ocrx_word' id='word_1_4' title='bbox 639 213 946 278; x_wconf 71' lang='lat' dir='ltr'>Seureurrnnuu</span> 
     </span>
    </p>
   </div>
   <div class='ocr_carea' id='block_1_2' title="bbox 1262 311 1268 340">
    <p class='ocr_par' dir='ltr' id='par_1_2' title="bbox 1262 311 1268 340">
     <span class='ocr_line' id='line_1_2' title="bbox 1262 311 1268 340; baseline 0 0"><span class='ocrx_word' id='word_1_5' title='bbox 1262 311 1268 340; x_wconf 80' lang='lat' dir='ltr'>l</span> 
     </span>
    </p>
   </div>
   <div class='ocr_carea' id='block_1_3' title="bbox 210 372 1290 1329">
    <p class='ocr_par' dir='ltr' id='par_1_3' title="bbox 210 372 1276 806">
     <span class='ocr_line' id='line_1_3' title="bbox 211 372 1271 474; baseline 0.003 -20"><span class='ocrx_word' id='word_1_6' title='bbox 211 395 263 455; x_wconf 93' lang='lat' dir='ltr'>sol</span> <span class='ocrx_word' id='word_1_7' title='bbox 287 395 434 474; x_wconf 90' lang='lat' dir='ltr'>amplius</span> <span class='ocrx_word' id='word_1_8' title='bbox 458 394 501 455; x_wconf 89' lang='lat' dir='ltr'>ad</span> <span class='ocrx_word' id='word_1_9' title='bbox 523 394 705 455; x_wconf 88' lang='lat' dir='ltr'>lucendum</span> <span class='ocrx_word' id='word_1_10' title='bbox 729 413 791 474; x_wconf 89' lang='lat' dir='ltr'>per</span> <span class='ocrx_word' id='word_1_11' title='bbox 814 395 913 455; x_wconf 91' lang='lat' dir='ltr'>diem.</span> <span class='ocrx_word' id='word_1_12' title='bbox 934 431 975 438; x_wconf 91' lang='lat'>—</span> <span class='ocrx_word' id='word_1_13' title='bbox 997 395 1090 457; x_wconf 80' lang='lat' dir='ltr'>Alia</span> <span class='ocrx_word' id='word_1_14' title='bbox 1110 415 1179 456; x_wconf 90' lang='lat' dir='ltr'>auc·</span> <span class='ocrx_word' id='word_1_15' title='bbox 1268 372 1271 468; x_wconf 72' lang='lat' dir='ltr'>i</span> 
     </span>
     <span class='ocr_line' id='line_1_4' title="bbox 210 484 1276 582; baseline 0 -20"><span class='ocrx_word' id='word_1_16' title='bbox 210 504 332 563; x_wconf 91' lang='lat' dir='ltr'>toritas</span> <span class='ocrx_word' id='word_1_17' title='bbox 355 504 451 578; x_wconf 79' lang='lat' dir='ltr'>Apoc.</span> <span class='ocrx_word' id='word_1_18' title='bbox 475 521 535 568; x_wconf 81' lang='lat' dir='ltr'>ro.,</span> <span class='ocrx_word' id='word_1_19' title='bbox 563 501 621 561; x_wconf 93' lang='lat' dir='ltr'>ubi</span> <span class='ocrx_word' id='word_1_20' title='bbox 643 501 773 580; x_wconf 85' lang='lat' dir='ltr'>juravit</span> <span class='ocrx_word' id='word_1_21' title='bbox 796 501 958 582; x_wconf 84' lang='lat' dir='ltr'>Angelus</span> <span class='ocrx_word' id='word_1_22' title='bbox 986 504 1089 582; x_wconf 91' lang='lat' dir='ltr'>quod</span> <span class='ocrx_word' id='word_1_23' title='bbox 1119 521 1180 562; x_wconf 88' lang='lat' dir='ltr'>am·</span> <span class='ocrx_word' id='word_1_24' title='bbox 1272 484 1276 534; x_wconf 39' lang='grc' dir='ltr'>ἶ</span> 
     </span>
     <span class='ocr_line' id='line_1_5' title="bbox 210 609 1182 689; baseline 0 -21"><span class='ocrx_word' id='word_1_25' title='bbox 210 609 303 689; x_wconf 89' lang='lat' dir='ltr'>plius</span> <span class='ocrx_word' id='word_1_26' title='bbox 326 618 462 687; x_wconf 88' lang='lat' dir='ltr'>tempus</span> <span class='ocrx_word' id='word_1_27' title='bbox 493 626 560 669; x_wconf 95' lang='lat' dir='ltr'>non</span> <span class='ocrx_word' id='word_1_28' title='bbox 594 609 679 678; x_wconf 89' lang='lat' dir='ltr'>erit;</span> <span class='ocrx_word' id='word_1_29' title='bbox 716 627 800 689; x_wconf 90' lang='lat' dir='ltr'>ergo</span> <span class='ocrx_word' id='word_1_30' title='bbox 835 627 896 669; x_wconf 93' lang='lat' dir='ltr'>nec</span> <span class='ocrx_word' id='word_1_31' title='bbox 930 620 1067 676; x_wconf 86' lang='lat' dir='ltr'>motus,</span> <span class='ocrx_word' id='word_1_32' title='bbox 1105 610 1182 688; x_wconf 90' lang='lat' dir='ltr'>quia</span> 
     </span>
     <span class='ocr_line' id='line_1_6' title="bbox 211 714 1184 806; baseline 0 -30"><span class='ocrx_word' id='word_1_33' title='bbox 211 726 347 794; x_wconf 89' lang='lat' dir='ltr'>tempus</span> <span class='ocrx_word' id='word_1_34' title='bbox 370 724 404 775; x_wconf 89' lang='lat' dir='ltr'>et</span> <span class='ocrx_word' id='word_1_35' title='bbox 428 725 542 776; x_wconf 92' lang='lat' dir='ltr'>motus</span> <span class='ocrx_word' id='word_1_36' title='bbox 565 714 668 806; x_wconf 76' lang='lat' dir='ltr'>simul</span> <span class='ocrx_word' id='word_1_37' title='bbox 693 725 782 784; x_wconf 90' lang='lat' dir='ltr'>sunt,</span> <span class='ocrx_word' id='word_1_38' title='bbox 800 726 834 775; x_wconf 90' lang='lat' dir='ltr'>et</span> <span class='ocrx_word' id='word_1_39' title='bbox 857 734 925 775; x_wconf 92' lang='lat' dir='ltr'>non</span> <span class='ocrx_word' id='word_1_40' title='bbox 950 728 1038 777; x_wconf 93' lang='lat' dir='ltr'>sunt</span> <span class='ocrx_word' id='word_1_41' title='bbox 1065 735 1184 776; x_wconf 88' lang='lat' dir='ltr'>secun·</span> 
     </span>
    </p>

    <p class='ocr_par' dir='ltr' id='par_1_4' title="bbox 211 822 1182 901">
     <span class='ocr_line' id='line_1_7' title="bbox 211 822 1182 901; baseline -0.002 -19"><span class='ocrx_word' id='word_1_42' title='bbox 211 822 292 883; x_wconf 92' lang='lat' dir='ltr'>dum</span> <span class='ocrx_word' id='word_1_43' title='bbox 317 823 504 901; x_wconf 91' lang='lat' dir='ltr'>potentiam</span> <span class='ocrx_word' id='word_1_44' title='bbox 528 831 563 882; x_wconf 87' lang='lat' dir='ltr'>et</span> <span class='ocrx_word' id='word_1_45' title='bbox 586 822 773 883; x_wconf 87' lang='lat' dir='ltr'>secundum</span> <span class='ocrx_word' id='word_1_46' title='bbox 804 833 917 883; x_wconf 89' lang='lat' dir='ltr'>aetum</span> <span class='ocrx_word' id='word_1_47' title='bbox 952 844 996 882; x_wconf 76' lang='lat' dir='ltr'>ex</span> <span class='ocrx_word' id='word_1_48' title='bbox 1021 843 1057 899; x_wconf 81' lang='lat'>4.</span> <span class='ocrx_word' id='word_1_49' title='bbox 1086 823 1182 898; x_wconf 75' lang='lat' dir='ltr'>Phys.</span> 
     </span>
    </p>

    <p class='ocr_par' dir='ltr' id='par_1_5' title="bbox 211 927 1183 991">
     <span class='ocr_line' id='line_1_8' title="bbox 211 927 1183 991; baseline -0.001 -2"><span class='ocrx_word' id='word_1_50' title='bbox 211 965 253 972; x_wconf 88' lang='lat'>-</span> <span class='ocrx_word' id='word_1_51' title='bbox 279 928 338 989; x_wconf 84' lang='lat' dir='ltr'>Ad</span> <span class='ocrx_word' id='word_1_52' title='bbox 361 929 451 989; x_wconf 88' lang='lat' dir='ltr'>idem</span> <span class='ocrx_word' id='word_1_53' title='bbox 477 928 658 989; x_wconf 88' lang='lat' dir='ltr'>adducitur</span> <span class='ocrx_word' id='word_1_54' title='bbox 685 927 764 989; x_wconf 89' lang='lat' dir='ltr'>talis</span> <span class='ocrx_word' id='word_1_55' title='bbox 799 930 906 990; x_wconf 92' lang='lat' dir='ltr'>ratio:</span> <span class='ocrx_word' id='word_1_56' title='bbox 943 941 1067 991; x_wconf 89' lang='lat' dir='ltr'>motus</span> <span class='ocrx_word' id='word_1_57' title='bbox 1105 929 1183 990; x_wconf 87' lang='lat' dir='ltr'>coeli</span> 
     </span>
    </p>

    <p class='ocr_par' dir='ltr' id='par_1_6' title="bbox 210 1036 1290 1329">
     <span class='ocr_line' id='line_1_9' title="bbox 210 1036 1183 1116; baseline -0.001 -20"><span class='ocrx_word' id='word_1_58' title='bbox 210 1044 263 1096; x_wconf 88' lang='lat' dir='ltr'>est</span> <span class='ocrx_word' id='word_1_59' title='bbox 276 1046 414 1114; x_wconf 88' lang='lat' dir='ltr'>propter</span> <span class='ocrx_word' id='word_1_60' title='bbox 426 1036 683 1116; x_wconf 82' lang='lat' dir='ltr'>generationem</span> <span class='ocrx_word' id='word_1_61' title='bbox 697 1045 731 1095; x_wconf 85' lang='lat' dir='ltr'>et</span> <span class='ocrx_word' id='word_1_62' title='bbox 742 1037 995 1115; x_wconf 87' lang='lat' dir='ltr'>corruptionem</span> <span class='ocrx_word' id='word_1_63' title='bbox 1010 1048 1183 1116; x_wconf 85' lang='lat' dir='ltr'>tanquam</span> 
     </span>
     <span class='ocr_line' id='line_1_10' title="bbox 210 1140 1290 1223; baseline -0.001 -21"><span class='ocrx_word' id='word_1_64' title='bbox 210 1151 350 1221; x_wconf 85' lang='lat' dir='ltr'>propter</span> <span class='ocrx_word' id='word_1_65' title='bbox 372 1140 484 1209; x_wconf 86' lang='lat' dir='ltr'>finem,</span> <span class='ocrx_word' id='word_1_66' title='bbox 508 1162 552 1201; x_wconf 83' lang='lat' dir='ltr'>ex</span> <span class='ocrx_word' id='word_1_67' title='bbox 575 1161 603 1202; x_wconf 89' lang='lat'>2.</span> <span class='ocrx_word' id='word_1_68' title='bbox 629 1141 681 1201; x_wconf 86' lang='lat' dir='ltr'>De</span> <span class='ocrx_word' id='word_1_69' title='bbox 700 1148 862 1218; x_wconf 61' lang='lat' dir='ltr'>¹generat:</span> <span class='ocrx_word' id='word_1_70' title='bbox 896 1161 980 1223; x_wconf 92' lang='lat' dir='ltr'>ergo</span> <span class='ocrx_word' id='word_1_71' title='bbox 1016 1151 1185 1204; x_wconf 84' lang='lat' dir='ltr'>cessante</span> <span class='ocrx_word' id='word_1_72' title='bbox 1289 1165 1290 1194; x_wconf 68' lang='lat'>1</span> 
     </span>
     <span class='ocr_line' id='line_1_11' title="bbox 211 1245 1012 1329; baseline 0 -20"><span class='ocrx_word' id='word_1_73' title='bbox 211 1250 278 1309; x_wconf 89' lang='lat' dir='ltr'>ista</span> <span class='ocrx_word' id='word_1_74' title='bbox 301 1251 523 1329; x_wconf 81' lang='lat' dir='ltr'>generatione</span> <span class='ocrx_word' id='word_1_75' title='bbox 547 1245 674 1308; x_wconf 86' lang='lat' dir='ltr'>frustra</span> <span class='ocrx_word' id='word_1_76' title='bbox 697 1249 761 1308; x_wconf 89' lang='lat' dir='ltr'>erit</span> <span class='ocrx_word' id='word_1_77' title='bbox 784 1259 897 1308; x_wconf 91' lang='lat' dir='ltr'>motus</span> <span class='ocrx_word' id='word_1_78' title='bbox 921 1249 1012 1309; x_wconf 81' lang='lat' dir='ltr'>talis,</span> 
     </span>
    </p>
   </div>
   <div class='ocr_carea' id='block_1_4' title="bbox 209 1450 1183 3671">
    <p class='ocr_par' dir='ltr' id='par_1_7' title="bbox 209 1450 1183 3671">
     <span class='ocr_line' id='line_1_12' title="bbox 305 1450 1183 1539; baseline -0.005 -17"><span class='ocrx_word' id='word_1_79' title='bbox 305 1450 522 1539; x_wconf 66' lang='lat' dir='ltr'>Quantum</span> <span class='ocrx_word' id='word_1_80' title='bbox 545 1460 602 1522; x_wconf 74' lang='lat' dir='ltr'>orl</span> <span class='ocrx_word' id='word_1_81' title='bbox 627 1459 802 1522; x_wconf 79' lang='lat' dir='ltr'>tertium</span> <span class='ocrx_word' id='word_1_82' title='bbox 824 1458 1076 1524; x_wconf 71' lang='lat' dir='ltr'>Antio-ulum</span> <span class='ocrx_word' id='word_1_83' title='bbox 1104 1451 1183 1521; x_wconf 85' lang='lat' dir='ltr'>dico</span> 
     </span>
     <span class='ocr_line' id='line_1_13' title="bbox 210 1565 1178 1646; baseline -0.003 -18"><span class='ocrx_word' id='word_1_84' title='bbox 210 1586 288 1628; x_wconf 89' lang='lat' dir='ltr'>cum</span> <span class='ocrx_word' id='word_1_85' title='bbox 312 1567 484 1646; x_wconf 88' lang='lat' dir='ltr'>theologis</span> <span class='ocrx_word' id='word_1_86' title='bbox 508 1568 543 1626; x_wconf 91' lang='lat' dir='ltr'>in</span> <span class='ocrx_word' id='word_1_87' title='bbox 560 1565 787 1634; x_wconf 88' lang='lat' dir='ltr'>conclusione,</span> <span class='ocrx_word' id='word_1_88' title='bbox 806 1567 897 1646; x_wconf 92' lang='lat' dir='ltr'>quod</span> <span class='ocrx_word' id='word_1_89' title='bbox 913 1576 991 1646; x_wconf 91' lang='lat' dir='ltr'>post</span> <span class='ocrx_word' id='word_1_90' title='bbox 1004 1567 1178 1645; x_wconf 90' lang='lat' dir='ltr'>judicium</span> 
     </span>
     <span class='ocr_line' id='line_1_14' title="bbox 210 1671 1180 1751; baseline 0 -18"><span class='ocrx_word' id='word_1_91' title='bbox 210 1674 359 1734; x_wconf 84' lang='lat' dir='ltr'>cessabit</span> <span class='ocrx_word' id='word_1_92' title='bbox 395 1683 510 1733; x_wconf 91' lang='lat' dir='ltr'>motus</span> <span class='ocrx_word' id='word_1_93' title='bbox 544 1691 724 1751; x_wconf 93' lang='lat' dir='ltr'>corporum</span> <span class='ocrx_word' id='word_1_94' title='bbox 763 1671 975 1743; x_wconf 77' lang='lat' dir='ltr'>coelestium3</span> <span class='ocrx_word' id='word_1_95' title='bbox 1012 1675 1077 1734; x_wconf 90' lang='lat' dir='ltr'>sed</span> <span class='ocrx_word' id='word_1_96' title='bbox 1116 1691 1180 1734; x_wconf 89' lang='lat' dir='ltr'>nec</span> 
     </span>
     <span class='ocr_line' id='line_1_15' title="bbox 210 1778 1178 1860; baseline -0.001 -20"><span class='ocrx_word' id='word_1_97' title='bbox 210 1779 363 1860; x_wconf 84' lang='lat' dir='ltr'>theologi</span> <span class='ocrx_word' id='word_1_98' title='bbox 389 1799 450 1841; x_wconf 89' lang='lat' dir='ltr'>nec</span> <span class='ocrx_word' id='word_1_99' title='bbox 473 1778 669 1859; x_wconf 89' lang='lat' dir='ltr'>philosophi</span> <span class='ocrx_word' id='word_1_100' title='bbox 694 1779 841 1858; x_wconf 92' lang='lat' dir='ltr'>probant</span> <span class='ocrx_word' id='word_1_101' title='bbox 863 1798 959 1841; x_wconf 89' lang='lat' dir='ltr'>suam</span> <span class='ocrx_word' id='word_1_102' title='bbox 984 1781 1178 1842; x_wconf 89' lang='lat' dir='ltr'>conclusio-</span> 
     </span>
     <span class='ocr_line' id='line_1_16' title="bbox 210 1886 1178 1967; baseline -0.001 -21"><span class='ocrx_word' id='word_1_103' title='bbox 210 1905 298 1946; x_wconf 88' lang='lat' dir='ltr'>nem.</span> <span class='ocrx_word' id='word_1_104' title='bbox 324 1886 493 1967; x_wconf 87' lang='lat' dir='ltr'>Theologi</span> <span class='ocrx_word' id='word_1_105' title='bbox 518 1886 656 1965; x_wconf 89' lang='lat' dir='ltr'>quidem</span> <span class='ocrx_word' id='word_1_106' title='bbox 681 1904 748 1946; x_wconf 94' lang='lat' dir='ltr'>non</span> <span class='ocrx_word' id='word_1_107' title='bbox 772 1886 928 1964; x_wconf 90' lang='lat' dir='ltr'>probant,</span> <span class='ocrx_word' id='word_1_108' title='bbox 954 1887 1035 1966; x_wconf 93' lang='lat' dir='ltr'>quia</span> <span class='ocrx_word' id='word_1_109' title='bbox 1059 1897 1178 1949; x_wconf 88' lang='lat' dir='ltr'>aucto-</span> 
     </span>
     <span class='ocr_line' id='line_1_17' title="bbox 209 1991 1174 2079; baseline -0.001 -26"><span class='ocrx_word' id='word_1_110' title='bbox 209 1995 294 2053; x_wconf 88' lang='lat' dir='ltr'>ritas</span> <span class='ocrx_word' id='word_1_111' title='bbox 317 2011 395 2071; x_wconf 84' lang='lat' dir='ltr'>quae</span> <span class='ocrx_word' id='word_1_112' title='bbox 420 1992 599 2079; x_wconf 82' lang='lat' dir='ltr'>adducitur</span> <span class='ocrx_word' id='word_1_113' title='bbox 621 1991 664 2052; x_wconf 91' lang='lat' dir='ltr'>de</span> <span class='ocrx_word' id='word_1_114' title='bbox 693 1991 784 2052; x_wconf 90' lang='lat' dir='ltr'>Isaia</span> <span class='ocrx_word' id='word_1_115' title='bbox 818 2013 885 2053; x_wconf 96' lang='lat' dir='ltr'>non</span> <span class='ocrx_word' id='word_1_116' title='bbox 922 2003 1027 2074; x_wconf 86' lang='lat' dir='ltr'>negat</span> <span class='ocrx_word' id='word_1_117' title='bbox 1061 1995 1174 2055; x_wconf 90' lang='lat' dir='ltr'>solem</span> 
     </span>
     <span class='ocr_line' id='line_1_18' title="bbox 209 2098 1171 2179; baseline -0.001 -19"><span class='ocrx_word' id='word_1_118' title='bbox 209 2110 291 2162; x_wconf 91' lang='lat' dir='ltr'>tunc</span> <span class='ocrx_word' id='word_1_119' title='bbox 315 2098 437 2169; x_wconf 88' lang='lat' dir='ltr'>lucere,</span> <span class='ocrx_word' id='word_1_120' title='bbox 462 2098 522 2159; x_wconf 91' lang='lat' dir='ltr'>sed</span> <span class='ocrx_word' id='word_1_121' title='bbox 545 2108 677 2159; x_wconf 88' lang='lat' dir='ltr'>tantum</span> <span class='ocrx_word' id='word_1_122' title='bbox 702 2098 784 2160; x_wconf 91' lang='lat' dir='ltr'>dicit</span> <span class='ocrx_word' id='word_1_123' title='bbox 818 2099 872 2160; x_wconf 93' lang='lat' dir='ltr'>his</span> <span class='ocrx_word' id='word_1_124' title='bbox 906 2102 964 2179; x_wconf 91' lang='lat' dir='ltr'>qui</span> <span class='ocrx_word' id='word_1_125' title='bbox 1001 2111 1104 2162; x_wconf 89' lang='lat' dir='ltr'>erunt</span> <span class='ocrx_word' id='word_1_126' title='bbox 1139 2102 1171 2161; x_wconf 93' lang='lat' dir='ltr'>in</span> 
     </span>
     <span class='ocr_line' id='line_1_19' title="bbox 210 2204 1174 2286; baseline 0 -21"><span class='ocrx_word' id='word_1_127' title='bbox 210 2207 283 2267; x_wconf 91' lang='lat' dir='ltr'>vita</span> <span class='ocrx_word' id='word_1_128' title='bbox 305 2216 435 2266; x_wconf 83' lang='lat' dir='ltr'>aeterna</span> <span class='ocrx_word' id='word_1_129' title='bbox 458 2224 558 2266; x_wconf 92' lang='lat' dir='ltr'>usum</span> <span class='ocrx_word' id='word_1_130' title='bbox 582 2206 669 2266; x_wconf 90' lang='lat' dir='ltr'>lueis</span> <span class='ocrx_word' id='word_1_131' title='bbox 694 2224 761 2266; x_wconf 95' lang='lat' dir='ltr'>non</span> <span class='ocrx_word' id='word_1_132' title='bbox 790 2206 978 2286; x_wconf 86' lang='lat' dir='ltr'>praestabit.</span> <span class='ocrx_word' id='word_1_133' title='bbox 1004 2204 1174 2269; x_wconf 87' lang='lat' dir='ltr'>Similiter</span> 
     </span>
     <span class='ocr_line' id='line_1_20' title="bbox 210 2312 1173 2393; baseline 0.003 -21"><span class='ocrx_word' id='word_1_134' title='bbox 210 2314 395 2373; x_wconf 89' lang='lat' dir='ltr'>auctoritas</span> <span class='ocrx_word' id='word_1_135' title='bbox 418 2332 497 2392; x_wconf 88' lang='lat' dir='ltr'>quae</span> <span class='ocrx_word' id='word_1_136' title='bbox 528 2312 708 2373; x_wconf 90' lang='lat' dir='ltr'>adducitur</span> <span class='ocrx_word' id='word_1_137' title='bbox 740 2314 781 2373; x_wconf 92' lang='lat' dir='ltr'>de</span> <span class='ocrx_word' id='word_1_138' title='bbox 805 2312 950 2393; x_wconf 86' lang='lat' dir='ltr'>Apocal.</span> <span class='ocrx_word' id='word_1_139' title='bbox 976 2324 1092 2393; x_wconf 90' lang='lat' dir='ltr'>potest</span> <span class='ocrx_word' id='word_1_140' title='bbox 1117 2334 1173 2375; x_wconf 81' lang='lat' dir='ltr'>ex·</span> 
     </span>
     <span class='ocr_line' id='line_1_21' title="bbox 209 2419 1173 2500; baseline 0.002 -21"><span class='ocrx_word' id='word_1_141' title='bbox 209 2421 302 2498; x_wconf 92' lang='lat' dir='ltr'>poni,</span> <span class='ocrx_word' id='word_1_142' title='bbox 327 2419 418 2498; x_wconf 92' lang='lat' dir='ltr'>quod</span> <span class='ocrx_word' id='word_1_143' title='bbox 443 2438 510 2479; x_wconf 95' lang='lat' dir='ltr'>non</span> <span class='ocrx_word' id='word_1_144' title='bbox 534 2420 598 2477; x_wconf 89' lang='lat' dir='ltr'>erit</span> <span class='ocrx_word' id='word_1_145' title='bbox 622 2419 770 2498; x_wconf 88' lang='lat' dir='ltr'>amplius</span> <span class='ocrx_word' id='word_1_146' title='bbox 801 2420 848 2479; x_wconf 88' lang='lat' dir='ltr'>ibi</span> <span class='ocrx_word' id='word_1_147' title='bbox 880 2429 1015 2500; x_wconf 91' lang='lat' dir='ltr'>tempus</span> <span class='ocrx_word' id='word_1_148' title='bbox 1040 2431 1077 2481; x_wconf 91' lang='lat' dir='ltr'>ut</span> <span class='ocrx_word' id='word_1_149' title='bbox 1114 2422 1173 2482; x_wconf 93' lang='lat' dir='ltr'>im·</span> 
     </span>
     <span class='ocr_line' id='line_1_22' title="bbox 210 2526 1171 2607; baseline 0.001 -20"><span class='ocrx_word' id='word_1_150' title='bbox 210 2527 344 2607; x_wconf 91' lang='lat' dir='ltr'>pleatur</span> <span class='ocrx_word' id='word_1_151' title='bbox 377 2526 567 2605; x_wconf 88' lang='lat' dir='ltr'>prophetia,</span> <span class='ocrx_word' id='word_1_152' title='bbox 603 2526 684 2603; x_wconf 89' lang='lat' dir='ltr'>quia</span> <span class='ocrx_word' id='word_1_153' title='bbox 719 2526 788 2605; x_wconf 86' lang='lat' dir='ltr'>jam</span> <span class='ocrx_word' id='word_1_154' title='bbox 824 2544 942 2587; x_wconf 91' lang='lat' dir='ltr'>omnes</span> <span class='ocrx_word' id='word_1_155' title='bbox 976 2526 1171 2606; x_wconf 84' lang='lat' dir='ltr'>prophetiae</span> 
     </span>
     <span class='ocr_line' id='line_1_23' title="bbox 210 2630 1173 2712; baseline 0 -18"><span class='ocrx_word' id='word_1_156' title='bbox 210 2633 361 2712; x_wconf 61' lang='lat' dir='ltr'>impletae</span> <span class='ocrx_word' id='word_1_157' title='bbox 387 2640 475 2693; x_wconf 93' lang='lat' dir='ltr'>sunt.</span> <span class='ocrx_word' id='word_1_158' title='bbox 502 2630 570 2693; x_wconf 86' lang='lat' dir='ltr'>Sed</span> <span class='ocrx_word' id='word_1_159' title='bbox 595 2650 657 2692; x_wconf 90' lang='lat' dir='ltr'>nec</span> <span class='ocrx_word' id='word_1_160' title='bbox 680 2633 767 2692; x_wconf 91' lang='lat' dir='ltr'>ratio</span> <span class='ocrx_word' id='word_1_161' title='bbox 792 2651 871 2711; x_wconf 89' lang='lat' dir='ltr'>quae</span> <span class='ocrx_word' id='word_1_162' title='bbox 894 2632 1074 2694; x_wconf 91' lang='lat' dir='ltr'>adducitur</span> <span class='ocrx_word' id='word_1_163' title='bbox 1094 2652 1173 2695; x_wconf 91' lang='lat' dir='ltr'>con·</span> 
     </span>
     <span class='ocr_line' id='line_1_24' title="bbox 210 2738 1173 2819; baseline 0.002 -20"><span class='ocrx_word' id='word_1_164' title='bbox 210 2740 327 2809; x_wconf 91' lang='lat' dir='ltr'>cludit,</span> <span class='ocrx_word' id='word_1_165' title='bbox 352 2741 433 2817; x_wconf 91' lang='lat' dir='ltr'>quia</span> <span class='ocrx_word' id='word_1_166' title='bbox 461 2758 634 2819; x_wconf 92' lang='lat' dir='ltr'>nunquam</span> <span class='ocrx_word' id='word_1_167' title='bbox 671 2738 903 2817; x_wconf 90' lang='lat' dir='ltr'>Philosophus</span> <span class='ocrx_word' id='word_1_168' title='bbox 937 2750 1079 2819; x_wconf 89' lang='lat' dir='ltr'>poneret</span> <span class='ocrx_word' id='word_1_169' title='bbox 1115 2740 1173 2801; x_wconf 86' lang='lat' dir='ltr'>ali·</span> 
     </span>
     <span class='ocr_line' id='line_1_25' title="bbox 210 2844 1173 2927; baseline 0.002 -22"><span class='ocrx_word' id='word_1_170' title='bbox 210 2847 302 2926; x_wconf 90' lang='lat' dir='ltr'>quod</span> <span class='ocrx_word' id='word_1_171' title='bbox 327 2845 514 2927; x_wconf 88' lang='lat' dir='ltr'>ignobilius</span> <span class='ocrx_word' id='word_1_172' title='bbox 537 2865 612 2905; x_wconf 89' lang='lat' dir='ltr'>esse</span> <span class='ocrx_word' id='word_1_173' title='bbox 635 2844 736 2906; x_wconf 88' lang='lat' dir='ltr'>finem</span> <span class='ocrx_word' id='word_1_174' title='bbox 763 2846 973 2915; x_wconf 85' lang='lat' dir='ltr'>nobiliorem,</span> <span class='ocrx_word' id='word_1_175' title='bbox 998 2846 1173 2926; x_wconf 90' lang='lat' dir='ltr'>loquendo</span> 
     </span>
     <span class='ocr_line' id='line_1_26' title="bbox 210 2951 1175 3033; baseline 0.002 -21"><span class='ocrx_word' id='word_1_176' title='bbox 210 2953 252 3012; x_wconf 88' lang='lat' dir='ltr'>de</span> <span class='ocrx_word' id='word_1_177' title='bbox 275 2952 343 3013; x_wconf 89' lang='lat' dir='ltr'>fine</span> <span class='ocrx_word' id='word_1_178' title='bbox 369 2951 575 3031; x_wconf 90' lang='lat' dir='ltr'>perficiente,</span> <span class='ocrx_word' id='word_1_179' title='bbox 611 2952 672 3012; x_wconf 91' lang='lat' dir='ltr'>sed</span> <span class='ocrx_word' id='word_1_180' title='bbox 707 2961 838 3013; x_wconf 91' lang='lat' dir='ltr'>tantum</span> <span class='ocrx_word' id='word_1_181' title='bbox 874 2952 916 3013; x_wconf 88' lang='lat' dir='ltr'>de</span> <span class='ocrx_word' id='word_1_182' title='bbox 949 2951 1017 3014; x_wconf 87' lang='lat' dir='ltr'>fine</span> <span class='ocrx_word' id='word_1_183' title='bbox 1052 2972 1175 3033; x_wconf 83' lang='lat' dir='ltr'>prove·</span> 
     </span>
     <span class='ocr_line' id='line_1_27' title="bbox 210 3058 1175 3139; baseline -0.001 -19"><span class='ocrx_word' id='word_1_184' title='bbox 210 3062 334 3120; x_wconf 86' lang='lat' dir='ltr'>niente.</span> <span class='ocrx_word' id='word_1_185' title='bbox 359 3058 405 3119; x_wconf 86' lang='lat' dir='ltr'>Et</span> <span class='ocrx_word' id='word_1_186' title='bbox 428 3070 594 3138; x_wconf 85' lang='lat' dir='ltr'>praeteroa</span> <span class='ocrx_word' id='word_1_187' title='bbox 618 3059 707 3119; x_wconf 90' lang='lat' dir='ltr'>sicut</span> <span class='ocrx_word' id='word_1_188' title='bbox 730 3058 965 3138; x_wconf 91' lang='lat' dir='ltr'>Philosophus</span> <span class='ocrx_word' id='word_1_189' title='bbox 982 3060 1079 3139; x_wconf 92' lang='lat' dir='ltr'>ponit</span> <span class='ocrx_word' id='word_1_190' title='bbox 1101 3078 1175 3119; x_wconf 91' lang='lat' dir='ltr'>mo·</span> 
     </span>
     <span class='ocr_line' id='line_1_28' title="bbox 210 3165 1170 3247; baseline -0.001 -20"><span class='ocrx_word' id='word_1_191' title='bbox 210 3176 282 3227; x_wconf 91' lang='lat' dir='ltr'>tum</span> <span class='ocrx_word' id='word_1_192' title='bbox 308 3185 374 3226; x_wconf 94' lang='lat' dir='ltr'>non</span> <span class='ocrx_word' id='word_1_193' title='bbox 399 3185 543 3234; x_wconf 86' lang='lat' dir='ltr'>cessare,</span> <span class='ocrx_word' id='word_1_194' title='bbox 568 3167 616 3225; x_wconf 93' lang='lat' dir='ltr'>ita</span> <span class='ocrx_word' id='word_1_195' title='bbox 651 3165 779 3226; x_wconf 88' lang='lat' dir='ltr'>diceret</span> <span class='ocrx_word' id='word_1_196' title='bbox 810 3166 1066 3247; x_wconf 88' lang='lat' dir='ltr'>generationem</span> <span class='ocrx_word' id='word_1_197' title='bbox 1101 3185 1170 3226; x_wconf 94' lang='lat' dir='ltr'>non</span> 
     </span>
     <span class='ocr_line' id='line_1_29' title="bbox 210 3270 1173 3351; baseline -0.001 -18"><span class='ocrx_word' id='word_1_198' title='bbox 210 3292 354 3339; x_wconf 86' lang='lat' dir='ltr'>cessare,</span> <span class='ocrx_word' id='word_1_199' title='bbox 386 3282 424 3332; x_wconf 93' lang='lat' dir='ltr'>ut</span> <span class='ocrx_word' id='word_1_200' title='bbox 458 3283 552 3351; x_wconf 89' lang='lat' dir='ltr'>patet</span> <span class='ocrx_word' id='word_1_201' title='bbox 575 3293 618 3331; x_wconf 85' lang='lat' dir='ltr'>ex</span> <span class='ocrx_word' id='word_1_202' title='bbox 641 3292 670 3332; x_wconf 85' lang='lat'>2.</span> <span class='ocrx_word' id='word_1_203' title='bbox 697 3272 748 3332; x_wconf 87' lang='lat' dir='ltr'>De</span> <span class='ocrx_word' id='word_1_204' title='bbox 767 3278 909 3350; x_wconf 82' lang='lat' dir='ltr'>generat.</span> <span class='ocrx_word' id='word_1_205' title='bbox 937 3308 977 3316; x_wconf 92' lang='lat'>-</span> <span class='ocrx_word' id='word_1_206' title='bbox 1003 3270 1173 3335; x_wconf 87' lang='lat' dir='ltr'>Similiter</span> 
     </span>
     <span class='ocr_line' id='line_1_30' title="bbox 211 3378 1173 3460; baseline 0.001 -22"><span class='ocrx_word' id='word_1_207' title='bbox 211 3379 406 3460; x_wconf 90' lang='lat' dir='ltr'>philosophi</span> <span class='ocrx_word' id='word_1_208' title='bbox 430 3378 684 3439; x_wconf 87' lang='lat' dir='ltr'>conclusionem</span> <span class='ocrx_word' id='word_1_209' title='bbox 709 3398 804 3439; x_wconf 90' lang='lat' dir='ltr'>suam</span> <span class='ocrx_word' id='word_1_210' title='bbox 830 3397 897 3439; x_wconf 91' lang='lat' dir='ltr'>non</span> <span class='ocrx_word' id='word_1_211' title='bbox 913 3379 1068 3459; x_wconf 77' lang='lat' dir='ltr'>probant,</span> <span class='ocrx_word' id='word_1_212' title='bbox 1087 3380 1173 3458; x_wconf 87' lang='lat' dir='ltr'>quia</span> 
     </span>
     <span class='ocr_line' id='line_1_31' title="bbox 210 3485 1164 3564; baseline -0.002 -18"><span class='ocrx_word' id='word_1_213' title='bbox 210 3485 305 3547; x_wconf 88' lang='lat' dir='ltr'>nulla</span> <span class='ocrx_word' id='word_1_214' title='bbox 328 3488 414 3546; x_wconf 89' lang='lat' dir='ltr'>ratio</span> <span class='ocrx_word' id='word_1_215' title='bbox 438 3485 719 3564; x_wconf 88' lang='lat' dir='ltr'>philosophorum</span> <span class='ocrx_word' id='word_1_216' title='bbox 744 3485 926 3547; x_wconf 91' lang='lat' dir='ltr'>concludit.</span> <span class='ocrx_word' id='word_1_217' title='bbox 941 3485 1053 3545; x_wconf 83' lang='lat' dir='ltr'>Prima</span> <span class='ocrx_word' id='word_1_218' title='bbox 1072 3487 1164 3552; x_wconf 75' lang='lat' dir='ltr'>ratio,</span> 
     </span>
     <span class='ocr_line' id='line_1_32' title="bbox 209 3590 1169 3671; baseline 0.001 -21"><span class='ocrx_word' id='word_1_219' title='bbox 209 3594 292 3669; x_wconf 91' lang='lat' dir='ltr'>quia</span> <span class='ocrx_word' id='word_1_220' title='bbox 325 3611 393 3651; x_wconf 96' lang='lat' dir='ltr'>non</span> <span class='ocrx_word' id='word_1_221' title='bbox 428 3602 481 3652; x_wconf 86' lang='lat' dir='ltr'>est</span> <span class='ocrx_word' id='word_1_222' title='bbox 518 3590 597 3652; x_wconf 90' lang='lat' dir='ltr'>finis</span> <span class='ocrx_word' id='word_1_223' title='bbox 631 3592 899 3653; x_wconf 87' lang='lat' dir='ltr'>substantiarum</span> <span class='ocrx_word' id='word_1_224' title='bbox 935 3599 1169 3671; x_wconf 86' lang='lat' dir='ltr'>separatarum</span> 
     </span>
    </p>
   </div>
   <div class='ocr_carea' id='block_1_5' title="bbox 0 0 1304 4200">
    <p class='ocr_par' dir='ltr' id='par_1_8' title="bbox 0 0 1304 4200">
     <span class='ocr_line' id='line_1_33' title="bbox 0 0 1304 4200; baseline 0 0"><span class='ocrx_word' id='word_1_225' title='bbox 0 0 1304 4200; x_wconf 95' lang='lat' dir='ltr'> </span> 
     </span>
    </p>
   </div>
  </div>
 </body>
</html>
