2600 4200
235 353 293 411 ιρι
453 318 542 393 'L1n
569 332 620 393 IV
645 330 951 393 Saurauirnnuu

206 520 256 572 tet
279 511 371 591 quod
395 511 658 590 correspondeat
683 510 797 591 aliqua
819 510 941 592 regula
963 510 1117 571 existens
1132 511 1168 571 in

208 616 398 688 intellectu;
424 617 485 678 sed
508 616 718 679 Poenitentia
741 627 793 678 est
816 618 927 684 virtus
951 617 986 677 ln
999 616 1168 697 appetitu;

207 725 315 805 igitur
338 721 558 798 Poenitentiae
581 725 743 785 convenit
767 723 881 804 aliqua
904 723 1026 804 regula
1056 723 1091 783 in
1121 723 1171 783 in·

207 829 358 898 tellectu‚
382 838 417 891 et
440 829 626 891 secundum
652 828 746 891 illam
771 829 925 910 regulam
943 830 1098 910 sequitur
1114 848 1168 889 ac-

206 944 265 997 tus
288 933 474 997 inflictivus
497 938 599 997 unius
622 954 738 1017 poenae
762 936 818 997 vel
841 935 1001 1016 plurium.
1020 932 1089 997 Sed
1102 936 1170 997 ista

205 1042 329 1124 regula
351 1054 403 1105 est
427 1043 565 1124 duplex,
583 1043 742 1123 quaedam
758 1051 810 1103 est
826 1041 1027 1103 naturaliter
1043 1060 1171 1123 cogno-

206 1150 348 1220 scibilis,
372 1150 502 1212 scilicet
525 1150 617 1231 quod
639 1158 817 1231 peccatum
841 1159 894 1210 est
907 1148 1168 1230 displicendum,

206 1256 275 1317 alia
297 1266 350 1317 est
373 1267 455 1318 nota
477 1276 522 1317 ex
546 1256 766 1325 revelatione,
791 1255 922 1317 scilicet
946 1255 1038 1336 quod
1053 1274 1171 1336 pecca·

206 1374 279 1424 turn
303 1373 356 1424 est
379 1362 616 1425 detestandum
641 1364 844 1443 inquantum
868 1375 921 1425 est
945 1362 1010 1425 Dei
1035 1358 1171 1424 offensi·

207 1489 290 1531 vum
315 1480 348 1531 et
372 1489 393 1530 a
415 1469 491 1531 Deo
514 1471 721 1531 aversivum.

297 1577 352 1636 Ad
366 1579 560 1654 propositum
583 1576 708 1638 dicitur
732 1576 824 1657 quod
837 1576 1047 1638 Poenitentia
1056 1577 1170 1656 primo

207 1682 320 1753 mod0‚
345 1692 383 1744 ut
405 1682 537 1744 habens
559 1682 716 1765 regulam
742 1683 941 1745 naturaliter
965 1693 1080 1746 notam
1097 1682 1186 1745 tan·'

205 1798 279 1850 tum
303 1799 356 1850 est
379 1790 483 1851 unius
503 1808 618 1870 poenae
643 1786 809 1851 inflictiva
831 1800 866 1851 et
888 1808 933 1851 ex
967 1790 1032 1853 hoc
1066 1792 1171 1851 tristi-

206 1896 264 1956 tiae
286 1905 543 1975 consequenter.
570 1893 639 1957 Sed
664 1896 874 1958 Poenitentia
888 1896 1038 1958 secundo
1054 1896 1168 1967 modo,

206 2000 337 2063 scilicet
360 2011 398 2063 ut
421 2001 551 2064 habens
573 2002 729 2083 regulam
761 2022 806 2063 ex
840 2000 946 2065 Sacra
979 2000 1168 2091 Scriptura,

205 2109 263 2173 vel
286 2128 331 2170 ex
354 2109 563 2171 revelatione
602 2110 720 2172 divina
755 2119 894 2191 accepta
927 2120 980 2173 est
1017 2110 1169 2191 plurium

205 2234 385 2297 poenarum
410 2213 576 2278 inflictiva
599 2227 649 2278 tot
674 2216 805 2278 scilicet
828 2225 911 2297 quot
935 2217 1060 2280 ibidem
1085 2218 1172 2301 legi·

206 2322 313 2383 slator
336 2323 503 2384 revelavit
527 2324 591 2384 sibi
616 2323 706 2385 velle
730 2321 884 2384 sufficere
907 2343 969 2404 pro
992 2324 1095 2405 culpa
1110 2345 1169 2386 ex-

206 2429 331 2509 pianda
355 2429 515 2491 totaliter.
820 2422 826 2432 ’

301 2642 518 2722 Qua-utum
553 2643 610 2706 ud
647 2643 879 2706 ucciandum
910 2641 1169 2720 Articulum,

205 2749 367 2810 videlicet
390 2751 419 2810 si
443 2768 504 2829 per
528 2759 777 2811 sacramentum
805 2749 1025 2811 Poenitentiae
1056 2753 1170 2812 remit-

205 2864 298 2917 tatur
321 2866 508 2936 peccatum,
533 2856 669 2919 videtur
685 2876 760 2918 esse
773 2857 889 2936 opinio
902 2855 1063 2938 Magistri
1080 2858 1165 2918 Dist.

204 2967 254 3024 18.
278 2984 303 3023 c.
329 2968 377 3036 d:
401 2961 442 3023 ln
466 2962 641 3024 solvendis
654 2963 774 3044 culpis,
788 2963 909 3044 inquit,
923 2972 957 3024 et
969 2963 1165 3034 retinendis,

205 3072 254 3134 ita
277 3078 438 3151 operatur
461 3068 629 3133 Sacerdos
653 3071 875 3160 evangelicus
899 3079 933 3132 et
953 3070 1092 3150 judicat,
1124 3071 1168 3132 si-

205 3186 263 3237 cut
287 3177 368 3237 olirn
393 3176 517 3258 legalis
551 3178 584 3237 in
620 3177 690 3238 illis
724 3179 782 3256 qui
817 3176 1038 3238 contaminati
1070 3187 1167 3238 erant

204 3281 301 3362 lepra
324 3302 403 3364 quae
427 3295 566 3364 peccata
589 3281 775 3365 significat;
799 3284 988 3364 probatque
1003 3305 1065 3366 per
1081 3284 1166 3346 illud

206 3389 412 3473 Hieronymi
421 3397 530 3468 «super
560 3391 673 3452 Manli.
712 3393 918 3471 exponentis
952 3391 1051 3454 illud:
1087 3391 1164 3452 Tibi

205 3497 295 3558 dabo
319 3499 434 3560 claves
457 3499 555 3579 regni
580 3498 756 3568 coelorum,
781 3497 881 3567 hunc,
907 3499 1028 3577 inquit,
1053 3497 1164 3560 locum

206 3621 274 3664 non
300 3604 533 3684 intelligentes
557 3604 706 3684 quidam,
732 3603 861 3683 aliquid
885 3613 1025 3665 sumunt
1048 3605 1090 3666 de
1113 3623 1166 3666 su·

205 3710 326 3788 perbia
359 3710 617 3789 pharisaeorum,
653 3718 691 3769 ut
714 3709 874 3770 damnare
904 3711 1076 3780 innoxios,
1108 3710 1164 3772 vel
