2600 4200
245 162 435 223 Dtsrruct.
461 160 552 223 XVI
569 176 614 222 ET
632 160 742 223 XVII
767 158 918 241 QuAEs't.
945 160 978 222 ΙΙ
1028 182 1088 241 217

149 340 205 401 los
227 342 285 419 qui
295 350 454 403 tenentur
470 338 634 408 confiteri,
651 340 735 401 dicit
759 342 828 401 sic:
854 338 977 402 Omnis
989 342 1113 401 utrius·

149 466 219 527 que
241 461 348 508 sexus
370 444 482 507 fidelis
499 456 681 527 postquam
695 447 737 508 ad
762 464 870 507 annos
892 446 1111 509 discretionis

148 554 356 634 pervenerit.
890 626 894 633 ¹

240 657 415 741 Quantum
452 659 494 721 ad
530 659 633 729 aliud,
669 659 829 721 videlicet
867 660 947 737 quui
977 669 1114 721 tenetur

148 763 314 836 confiteri,
338 766 464 827 dicitur
487 763 628 828 ibidem:
645 767 761 827 omnia
776 774 917 846 peccata
931 786 1004 835 sua,
1017 766 1110 846 quod

148 872 309 955 intelligo
343 872 386 933 de
419 872 622 941 mortalibus
657 884 691 934 et
726 892 793 933 non
829 872 872 934 de
906 872 1111 941 venialibus,

149 980 232 1060 quia
254 980 458 1061 poenitentia
481 990 534 1041 est
567 980 685 1041 tabula
718 988 838 1041 contra
872 976 1110 1060 naufragium3

147 1087 211 1148 sed
234 1106 279 1148 ex
303 1095 444 1167 peccato
460 1086 586 1148 veniali
604 1085 720 1148 nullus
735 1088 865 1167 patitur
881 1084 1111 1168 naufragium.

195 1240 209 1259 .-
240 1191 414 1274 Quantum
440 1192 483 1253 ad
507 1192 610 1263 aliud,
634 1193 766 1255 scilicet
788 1196 842 1254 cui
862 1193 984 1256 debeat
1010 1192 1114 1255 conii-

148 1301 224 1368 teri,
248 1299 373 1361 dicitur
397 1299 521 1360 ibidem
547 1300 639 1380 quod
655 1302 794 1380 proprio
826 1300 1024 1373 Sacerdoti;
1050 1320 1112 1380 per

149 1407 325 1487 proprium
349 1416 463 1467 autem
489 1406 708 1468 Sacerdotem
733 1426 800 1468 non
833 1406 991 1488 intelligo
1026 1426 1112 1488 prae·

146 1514 219 1574 cise
242 1522 397 1574 curatum
422 1513 609 1574 sedetiam
641 1514 911 1595 privilegiatum,
936 1513 1022 1575 alias
1045 1516 1111 1597 pri-

148 1619 281 1700 vilegia
303 1629 419 1681 essent
442 1617 577 1681 frustra.

238 1722 414 1806 Quantum
438 1727 611 1796 adaliud,
647 1725 778 1788 scilicet
812 1727 945 1805 quando,
984 1726 1111 1788 dicitur

147 1831 275 1894 ibidem
299 1833 391 1913 quod
414 1833 520 1894 semel
544 1834 578 1894 in
603 1852 703 1901 anno,
728 1842 763 1894 et
787 1832 851 1895 hoc
887 1852 955 1894 non
980 1832 1109 1913 simpli-

147 1940 242 2008 citer,
267 1938 328 2000 sed
351 1941 486 2019 quoties
509 1940 699 2020 periculum
727 1942 847 2001 mortis
882 1941 1037 2002 imminet
1072 1949 1113 2001 ut

147 2048 182 2105 in
199 2046 333 2124 praced.
359 2047 431 2107 Art.
457 2046 585 2109 dictum
609 2057 671 2109 est.
698 2082 738 2091 ·-
766 2048 808 2108 Et
835 2049 867 2108 si
898 2048 982 2108 dicas
1017 2048 1109 2128 quod

147 2153 224 2214 haec
246 2151 456 2233 specificatio
479 2164 531 2215 est
554 2153 733 2224 relaxatio,
758 2157 839 2235 quia
854 2155 950 2235 prius
974 2155 1111 2215 teneba-

146 2269 204 2320 tur
227 2261 342 2320 statim
366 2258 526 2351 confiteri
544 2260 662 2322 habita
688 2263 944 2341 opportunitate
979 2259 1110 2322 confes-

146 2367 246 2435 soris,
271 2385 361 2428 nunc
384 2376 497 2428 autem
523 2387 590 2428 non
607 2376 752 2437 tenetur,
765 2387 810 2428 ex
834 2387 903 2448 quo
926 2387 994 2428 non
1019 2377 1110 2428 tene·

146 2480 203 2534 tur
220 2474 285 2535 nisi
302 2473 408 2534 semel
424 2475 458 2534 in
476 2492 565 2534 anno
585 2472 749 2536 confiteri.
768 2475 964 2551 Respondeo:
982 2483 1110 2536 utrum·

146 2597 215 2658 que
238 2588 290 2640 est
324 2580 466 2641 dubium
501 2581 704 2660 quibusdam
730 2581 922 2642 dicentibus
946 2581 1039 2661 quod
1061 2591 1109 2641 te-

146 2696 248 2747 netur
277 2688 393 2747 statim
417 2685 570 2748 confiteri
594 2687 712 2748 habita
742 2689 998 2767 opportunitate
1022 2685 1109 2749 Con·

145 2789 288 2854 {essoris
311 2803 345 2853 et
368 2803 449 2854 tune
487 2804 521 2855 et
553 2813 654 2863 nune,
679 2794 882 2874 quibusdam
914 2795 1108 2856 dicentibus

146 2898 255 2960 aliter.
281 2899 370 2960 Puto
404 2909 517 2963 tamen
552 2901 645 2980 quod
684 2911 775 2962 esset
813 2901 1107 2982 distinguendum,

145 3007 228 3085 quia
247 3018 405 3086 peccator
429 3016 487 3068 aut
503 3017 556 3068 est
572 3008 757 3090 religiosus
782 3017 839 3069 aut
856 3008 1042 3069 saecularis.
1068 3007 1106 3069 Si

144 3110 340 3192 religiosus,
364 3132 442 3174 curn
466 3114 540 3193 ejus
556 3115 629 3174 vita
651 3123 724 3175 tota
744 3115 788 3175 sit
804 3115 877 3176 vita
892 3115 1108 3194 poenitentiae

144 3219 261 3279 statim
286 3229 420 3280 tenetur
443 3219 610 3291 confiteri;
637 3223 665 3281 si
691 3221 866 3281 saecularis
890 3217 1014 3281 sufficit
1041 3221 1106 3282 sibi

144 3333 261 3386 tenere
285 3335 450 3386 statutum
474 3325 641 3387 Ecclesiae
663 3344 742 3418 pum
766 3328 970 3388 contritione
987 3336 1108 3406 etpro-

143 3431 260 3510 posito
283 3429 477 3494 confitendi.

236 3534 411 3616 Quantum
435 3538 477 3599 ad
502 3538 605 3607 aliud,
630 3539 761 3600 scilicet
784 3540 932 3617 puonmdo
949 3548 1007 3600 aut
1031 3559 1107 3616 qua-
