2600 4200
223 236 401 303 Drsnucr.
431 240 548 304 XXIV
571 250 604 304 et
627 240 728 305 XXV
752 242 900 325 Quasr.
925 243 955 307 11
1009 246 1066 308 181

139 436 239 517 Sexto,
263 444 405 524 Jacobus
429 446 536 509 minor
566 446 708 510 addidit:
731 449 876 511 ascendit
909 449 952 512 ad
987 451 1089 513 coelos

137 546 217 609 sedet
237 550 279 612 ad
301 551 476 615 dexteram*
511 554 572 616 Dei
608 554 711 617 Patris
744 555 986 637 omnipotentis.
1012 556 1091 640 Sep

136 652 216 730 timo,
239 656 406 741 Philippus
429 660 600 742 adjunxit:
633 661 709 723 inde
736 671 892 725 venturus
925 671 974 725 est
1005 663 1092 745 judi·

135 777 199 822 care
219 762 309 826 vivos
332 774 366 827 et
390 775 547 829 mortuos.
584 764 724 841 Octavo,
750 768 1012 832 Bartholomaeus
1043 770 1091 834 in-

137 866 215 929 tulit:
238 872 336 935 credo
360 872 391 934 in
417 872 575 955 Spiritum
593 873 764 938 Sanctum.
782 875 891 950 Nono,
911 876 1091 940 Matthaeus

135 973 308 1055 subjunxit:
336 988 483 1041 sanctam
507 980 677 1043 ecclesiam
709 980 913 1044 catholicam.
940 982 1090 1058 Decim0‚

137 1076 237 1145 Simon
258 1085 403 1147 addidit:
439 1095 627 1149 sanctorum
663 1088 942 1161 communionem,
979 1091 1091 1153 remis-

133 1186 244 1251 sionem
283 1201 504 1273 peccatorum.
545 1192 750 1270 Undecimo,
786 1185 887 1275 Judas
924 1195 1090 1259 Thadaeus

134 1298 325 1376 superaddit:
352 1299 456 1362 carnis
488 1301 766 1363 resurrectionem.
784 1301 1001 1377 Duodecimn,
1019 1304 1090 1367 Ma-

32 1410 34 1429 *
133 1398 207 1465 thias
228 1406 449 1469 consumavit:
474 1415 506 1469 et
529 1406 633 1470 vitam
657 1398 825 1471 aeternam.
851 1409 973 1471 Amen.

196 1616 419 1700 Ouuntum
443 1621 508 1686 ad
526 1621 771 1686 secundum
796 1620 970 1682 dicendum
995 1624 1085 1703 quod

129 1721 253 1801 quilibet
286 1726 482 1789 christianus
505 1726 630 1788 liabens
666 1748 762 1788 usum
794 1727 926 1788 rationis
958 1737 1087 1790 tenetur

132 1828 202 1893 scire
223 1842 254 1894 et
276 1832 407 1895 credere
424 1853 540 1895 omnes
562 1834 715 1896 art³culos
729 1832 813 1908 fidei;
828 1834 890 1895 hoc
902 1843 1012 1896 autem
1030 1856 1086 1917 po

130 1942 184 1998 test
205 1937 337 2022 intelligi
350 1938 532 2021 tripliciter:
550 1960 616 2003 uno
642 1940 752 2013 modu,
766 1941 855 2021 quod
879 1962 993 2003 omnes
1017 1962 1082 2003 cre-

131 2040 180 2104 dat
201 2045 367 2129 implicite;
392 2046 455 2109 alio
478 2047 588 2122 modo,
601 2047 692 2130 quod
715 2067 830 2110 omnes
853 2048 963 2109 credat
984 2048 1082 2130 expli-

130 2149 306 2226 cite;tertio
320 2153 432 2223 modo,
456 2155 546 2236 quod
569 2154 732 2236 quosdam
756 2155 866 2216 credat
890 2155 1042 2235 explicite
1054 2165 1087 2218 et

128 2259 278 2338 quosdam
292 2259 457 2342 implicite.
471 2260 610 2325 Credere
621 2270 733 2322 autem
743 2281 857 2322 omnes
870 2261 1024 2342 implicite
1036 2272 1085 2324 est

129 2361 196 2426 fidei
207 2367 386 2440 diminutae,
401 2375 433 2428 et
446 2366 507 2429 hoc
521 2387 585 2428 non
599 2366 725 2440 sufficit,
749 2368 826 2450 quia
850 2367 973 2430 habens
987 2389 1082 2430 usum

129 2472 250 2536 rationis
271 2483 402 2537 tenetur
424 2473 504 2535 scire
526 2483 559 2535 et
571 2475 702 2535 credere
725 2473 873 2537 distincte
886 2475 1012 2555 aliquos
1035 2496 1085 2536 ar-

128 2577 243 2642 ticulos.
268 2581 409 2644 Credere
432 2590 542 2642 autem
566 2600 681 2642 omnes
704 2580 855 2642 articulos
879 2579 953 2641 fidei
980 2581 1082 2661 expli-

126 2683 183 2748 cite
204 2697 252 2749 est
274 2687 349 2750 fidei
370 2687 440 2768 jam
465 2685 619 2768 prosectae
643 2696 676 2749 et
700 2686 741 2748 ad
766 2685 829 2748 hoc
843 2707 909 2748 non
934 2695 1085 2749 tenentur

127 2809 234 2856 omnes
256 2795 311 2857 sed
336 2802 489 2859 tenentur
513 2802 642 2855 tantum
668 2792 817 2875 majores,
842 2803 921 2874 puta
945 2804 1085 2856 rectores

124 2899 324 2963 ecclesiarum
338 2911 371 2963 et
385 2899 614 2982 praedicatores
626 2899 715 2962 verbi
730 2899 839 2974 divini,
850 2909 982 2981 propter
995 2900 1084 2982 quod

125 3000 380 3070 inconvenienter
403 3003 598 3080 factumest,
612 3006 819 3068 committere
835 3027 947 3067 curam
960 3006 1085 3068 anima-

124 3131 192 3174 rum
215 3122 248 3176 et
271 3113 479 3176 ecclesiarum
503 3113 798 3194 auctoritatemque
812 3112 1009 3193 praedicandi
1029 3112 1086 3176 ho-

126 3218 260 3283 minibus
283 3219 389 3283 insciis
423 3218 499 3301 quia
523 3219 661 3290 dubium
697 3227 810 3281 estne
834 3221 896 3281 Dei
922 3220 1081 3300 pecudem

123 3324 241 3388 ducant
264 3326 294 3390 in
318 3347 472 3389 errorem.
490 3325 630 3390 Credere
652 3335 764 3387 autem
781 3325 906 3407 aliquos
930 3325 1082 3388 articulos

121 3432 270 3513 explicite
292 3441 325 3495 et
348 3433 474 3514 aliquos
497 3431 662 3514 implicite,
675 3441 724 3493 est
737 3430 810 3493 fidei
835 3432 1022 3494 necessariae
1039 3432 1080 3493 ad

123 3538 267 3614 salutem,
291 3539 368 3623 quia
391 3540 432 3601 ad
456 3539 527 3602 illos
550 3538 703 3601 articulos
727 3538 905 3601 credendos
930 3538 1083 3620 explicite

120 3649 269 3708 tenentur
292 3667 406 3708 omnes
429 3666 514 3730 quos
537 3643 722 3708 manifestat
744 3645 790 3707 eis
817 3645 1007 3727 praedicatio
1030 3644 1081 3706 vel
