2600 4200
383 232 572 294 Drsrmcr.
591 231 647 294 IX
672 231 824 311 QuAEsr.
844 232 878 294 ΙΙ
1033 252 1091 312 115

70 451 73 458 .
153 418 206 471 tas
229 429 297 472 non
321 411 449 473 carebit
481 429 544 472 suo
576 411 679 472 modo
703 411 849 474 naturali
877 420 1018 492 propter
1050 411 1117 472 hoc

151 515 244 596 quod
257 537 324 580 non
341 527 394 579 est
409 519 541 598 primus
557 519 725 580 terminus
740 518 1117 580 transubstantiationis

151 624 338 688 dummodo
355 625 401 686 ibi
427 627 472 686 sit
495 625 641 686 realiter.
694 688 698 698 ,

241 731 408 799 Proeterea,
437 733 466 811 si
498 751 559 812 per
589 732 849 792 conversionem
880 729 920 792 fit
950 730 1118 792 terminus

150 837 196 897 ad
215 858 315 916 quem,
344 839 401 899 ubi
426 835 491 899 fuit
514 839 646 917 primus
670 839 837 900 terminus
852 859 872 897 a
888 858 958 916 quo,
979 848 1017 899 ut
1033 839 1117 899 dicit

152 942 212 1005 illa
235 946 362 1024 opini0,
386 963 471 1026 ergo
494 944 617 1006 modus
640 944 777 1006 essendi
811 944 915 1025 hujus
948 953 983 1006 et
1021 944 1117 1007 illius

151 1052 217 1112 erit
240 1051 372 1121 similis,
398 1050 455 1112 ille
479 1051 599 1112 saltem
624 1052 683 1132 qui
701 1059 816 1131 potest
831 1069 908 1112 esse
923 1053 1117 1112 communis

38 1199 49 1218 .
152 1159 327 1244 utrisque;¹
346 1157 406 1220 sed
429 1159 529 1241 panis
552 1175 741 1219 conversus
764 1157 820 1218 hic
843 1166 917 1218 erat
933 1177 996 1220 suo
1013 1157 1116 1218 modo

151 1265 391 1344 quantitativ0‚
416 1266 497 1346 quia
520 1265 584 1326 sub
608 1265 800 1345 quantitate
822 1263 953 1326 habens
983 1273 1117 1345 partem

150 1381 251 1432 extra
273 1380 419 1452 partem;
444 1371 620 1453 igiturest
636 1371 830 1432 substantia
844 1367 1007 1452 Corporis
1023 1370 1119 1433 Chri·

150 1479 195 1539 sti
220 1480 374 1540 existens
397 1477 452 1539 hic
476 1497 520 1539 ex
534 1480 579 1539 ·vi
596 1479 843 1547 conversionis,
858 1479 925 1539 erit
936 1479 1043 1540 etiam
1060 1477 1117 1540 hic

150 1603 215 1646 suo
246 1585 347 1646 modo
382 1585 620 1664 quantitativo‚
657 1583 788 1646 habens
822 1584 953 1646 scilicet
983 1594 1116 1664 partem

78 1723 79 1726 ¹
150 1691 353 1753 substantiae
378 1691 443 1752 sub
466 1699 562 1771 parte
587 1673 799 1770 quantitatis.
827 1700 862 1752 et
885 1701 967 1752 tunc
984 1693 1118 1770 quanti·

150 1807 204 1858 tas
228 1800 293 1858 erit
316 1797 371 1860 hic
394 1799 531 1878 proprie
555 1797 756 1859 dimensive.

241 1904 371 1964 Dicitur
393 1906 495 1981 agitur
516 1905 602 1964 aliter
633 1903 676 1966 ad
700 1905 804 1964 istum
837 1903 1034 1966 Articulum
1066 1923 1118 1965 se·

150 2010 300 2072 cundum
324 2012 415 2072 viam
440 2011 539 2072 Doct.
566 2009 664 2073 Subt.
689 2011 771 2090 quia
793 2011 924 2091 duplex
951 2020 1004 2072 est
1020 2009 1115 2079 ordo,

151 2117 282 2180 scilicet
305 2118 390 2179 ordo
412 2119 559 2198 partium
586 2121 618 2177 in
643 2124 702 2179 loto
725 2127 760 2179 et
783 2118 867 2179 ordo
901 2119 1050 2199 partium
1081 2122 1117 2179 in

150 2226 221 2285 loco.
247 2222 342 2287 Ordo
366 2234 480 2286 autem
497 2227 642 2302 partium
674 2227 708 2284 in
742 2231 802 2286 toto
836 2235 889 2287 est
923 2223 1119 2289 differentia

150 2332 353 2411 quantitatis
377 2350 445 2393 non
469 2333 616 2411 proprie,
645 2350 723 2393 cum
758 2333 804 2397 sit
838 2341 1023 2412 respectus,
1056 2333 1117 2395 sed

150 2437 266 2518 aliquo
290 2438 393 2499 modo
417 2438 581 2499 accedens
598 2437 640 2499 ad
664 2435 890 2499 differentiam
915 2438 989 2518 ejus
1004 2458 1119 2500 essen·

151 2544 277 2605 tialem.
295 2542 390 2607 Ordo
407 2555 520 2606 autem
531 2546 676 2621 partium
701 2547 734 2603 in
758 2546 821 2604 loco
844 2554 897 2605 est
920 2545 962 2606 de
989 2563 1118 2627 genere

149 2653 237 2717 situs,
265 2660 300 2712 et
335 2651 377 2712 ab
408 2652 474 2712 isto
505 2661 662 2731 respectu
703 2652 777 2712 sive
810 2652 930 2713 ordine
967 2654 1116 2732 partium

151 2758 186 2817 in
210 2757 286 2818 loco
309 2767 424 2837 potest
440 2757 573 2818 absolvi
598 2756 683 2818 ordo
706 2759 855 2838 partium
879 2757 915 2818 in
927 2766 1014 2828 toto;
1032 2758 1117 2818 ordo

151 2873 264 2925 autem
280 2864 428 2944 partium
446 2864 480 2925 in
497 2872 570 2925 toto
586 2872 639 2924 est
662 2865 757 2943 prior
779 2865 899 2925 ordine
915 2865 1064 2944 partium
1081 2866 1117 2925 in

150 2968 240 3041 loco;
265 2972 361 3051 prius
377 2980 490 3032 autem
504 2980 618 3051 potest
642 2970 776 3033 absolvi
800 2990 821 3031 a
843 2972 1024 3051 posteriori
1049 2972 1115 3047 sibi

150 3076 405 3139 accidentaliter
417 3076 607 3157 conjuncte.
626 3076 727 3138 Nunc
744 3087 857 3139 autem
870 3078 954 3139 ordo
967 3078 1116 3158 partium

150 3184 185 3243 in
210 3192 282 3244 toto
306 3194 358 3245 est
385 3185 478 3263 prior
505 3184 623 3245 ordine
647 3185 798 3262 partium
823 3186 858 3245 in
882 3184 969 3252 loco,
993 3196 1028 3245 et
1051 3186 1117 3245 iste

150 3290 234 3351 ordo
257 3292 405 3370 partium
424 3291 458 3351 in
476 3291 550 3351 loco
574 3300 627 3351 est
650 3292 820 3370 posterior
835 3290 955 3352 ordine
967 3291 1117 3369 partium

150 3396 185 3457 in
209 3405 282 3459 toto
306 3396 360 3458 cui
378 3396 632 3460 accidentaliter
656 3396 891 3478 conjungitur;
927 3415 1012 3478 ergo
1036 3395 1118 3458 Cor-

149 3522 216 3583 pus
239 3501 366 3565 Christi
391 3504 431 3563 in
450 3502 669 3565 Eucharistia
691 3502 831 3565 habebit
854 3504 1007 3564 ordinem
1043 3522 1119 3583 par·

149 3611 235 3671 tium
261 3611 294 3670 in
319 3618 392 3670 toto
417 3610 545 3690 absque
570 3610 629 3671 illo
657 3618 815 3689 respectu
850 3612 908 3690 qui
944 3618 997 3670 est
1031 3610 1117 3670 ordo

150 3716 298 3796 partium
324 3718 357 3777 in
382 3716 467 3777 loco.
