2600 4200
274 219 278 227 .
396 176 585 238 Disnxcr.
605 175 640 236 X
667 174 817 255 Quaesr.
836 175 871 236 ΙΙ
1031 196 1088 254 135

151 357 348 436 pedimenta
372 366 516 436 possunt
540 355 720 434 pervenire
736 355 790 415 vel
807 374 852 415 ex
868 363 965 435 parte
977 356 1115 434 agentis

152 463 209 525 vel
233 483 277 524 ex
301 475 397 543 parte
422 462 564 542 subjecti
591 461 643 522 ve]
663 461 776 530 medii,
795 460 1042 541 propterquod
1059 460 1117 521 ha-

151 571 237 631 bens
261 568 347 631 illud
370 569 575 650 principium
600 588 667 630 non
682 578 795 648 potest
811 569 907 628 exire
931 569 966 628 in
989 552 1116 636 aeturn,

152 689 186 737 et
211 679 259 738 sic
284 678 319 738 in
344 677 530 757 proposito,

510 920 692 1001 QUAESTIO
714 921 757 983 ΙΙ.

209 1067 265 1126 Ad
285 1067 448 1126 secundam
478 1065 686 1140 Qucestz'onem
710 1067 753 1124 sic
770 1065 968 1142 proceditur:

244 1208 391 1270 Videtur
415 1209 506 1288 quod
531 1208 645 1269 nullus
670 1207 864 1275 intellectus
880 1218 1015 1267 creatus
1039 1225 1118 1286 pos·

154 1319 199 1376 sit
224 1315 423 1377 naturaliter
446 1315 562 1375 videre
578 1316 796 1378 existentiam
813 1313 975 1393 Corporis
986 1312 1113 1375 Christi

155 1425 189 1483 in
214 1421 441 1490 Eucharistia
466 1423 547 1500 quia
570 1421 755 1482 existentia
766 1418 1036 1499 supernaturalis
1059 1439 1117 1480 na-

155 1528 310 1590 turaliter
334 1548 401 1588 non
426 1537 477 1588 est
502 1527 670 1598 visibilis;
696 1527 756 1587 sed
780 1527 840 1587 illa
863 1528 1047 1588 existentia
1062 1535 1118 1586 est

155 1634 445 1715 supernaturalis;
471 1652 564 1714 ergo,
590 1643 652 1694 etc.
742 1643 747 1654 “

249 1741 373 1800 Contra.
400 1739 528 1800 Anima
551 1737 678 1800 Christi
714 1740 913 1799 naturaliter
947 1738 1045 1798 novit
1078 1757 1118 1798 se

155 1867 231 1909 esse
255 1847 448 1926 ubicunque
473 1854 545 1916 est;
571 1846 631 1906 sed
643 1857 696 1906 est
712 1847 745 1906 in
763 1843 994 1915 Eucharistia3
1020 1863 1115 1924 ergo.

245 1953 288 2014 IN
317 1967 401 2014 ISTA
428 1963 655 2028 QUAESTIONE
681 1953 804 2012 dicitur
820 1971 841 2011 a
856 1951 1004 2030 quodam
1021 1951 1118 2011 abso-

156 2063 227 2123 lute
251 2061 343 2141 quod
375 2080 442 2123 non
477 2069 591 2140 potest
625 2061 787 2140 cognosci
824 2058 1023 2120 naturaiiter
1057 2057 1120 2119 iila

156 2170 341 2233 existentia
365 2167 406 2228 ab
432 2168 605 2228 intellectu
630 2167 778 2226 hominis
802 2166 954 2233 viatoris,
968 2166 1048 2244 quia
1064 2172 1118 2225 est

157 2276 325 2355 objectum
350 2272 449 2345 fidei;
475 2284 588 2353 potest
612 2284 725 2333 tamen
757 2274 919 2353 cognosci
944 2272 986 2332 ab
1022 2270 1119 2331 intel-

158 2382 247 2441 lectu
270 2382 381 2449 beat0,
406 2389 440 2440 et
470 2380 534 2440 hoc
568 2378 725 2448 beatifico
760 2390 847 2448 actu,
883 2379 965 2458 quia
998 2396 1116 2439 eorum

158 2506 234 2567 quae
258 2489 476 2567 aenigmatice
514 2495 770 2567 cognoscuntur
804 2488 838 2545 in
874 2487 940 2554 via,
965 2484 1118 2545 succedit

158 2594 249 2655 clara
273 2595 361 2654 visio
386 2594 420 2653 in
444 2593 665 2653 beatitudine.

249 2701 364 2759 lterum
390 2702 535 2779 primurn
561 2700 689 2759 dictum
714 2709 807 2778 patet
831 2698 1017 2759 secundum
1031 2696 1119 2758 alios

158 2818 192 2867 et
227 2806 398 2887 probatur,
423 2808 504 2885 quia
538 2806 653 2866 lumen
688 2806 851 2865 naturale*
876 2824 944 2865 non
977 2805 1118 2884 attingit

158 2914 391 2995 cognitionem
417 2914 611 2973 existentiae
636 2910 915 2991 supernaturalis.

248 3020 313 3079 Sed
332 3022 425 3078 aliter
448 3020 533 3089 dice,
559 3028 592 3079 et
610 3021 718 3095 primo
741 3037 878 3098 expono
901 3018 1065 3077 terminos
1082 3017 1117 3075 in

160 3126 357 3206 Quaestione
381 3128 522 3205 positos,
548 3126 689 3185 Secundo
711 3124 926 3204 respondebo
941 3124 983 3183 ad
1000 3120 1120 3201 Quaes-

160 3236 315 3293 stionem.

249 3338 491 3419 Proponuntur
515 3348 627 3398 autem
652 3339 686 3399 in
723 3334 920 3416 Quaestione
955 3337 1021 3395 ista
1048 3344 1120 3395 tres

160 3447 306 3514 termini,
342 3446 472 3506 scilicet
507 3446 684 3511 intellectus,
725 3444 914 3502 παίηναίίίεν
935 3451 969 3502 et
1003 3442 1119 3501 videre.

161 3550 308 3631 Expono
340 3562 452 3613 autern
488 3550 565 3611 illos
600 3551 784 3610 terminos:
820 3548 993 3607 Intellectus
1026 3548 1118 3607 enim
