2600 4200
198 248 386 311 Drsrnrcr.
413 247 563 311 XXXIV
585 258 618 311 et
641 246 776 311 XXXV
799 248 946 331 QUAEST.
970 250 986 313 Ι
1025 266 1086 331 2²5

141 462 260 518 contra
271 454 462 516 ebrietatem
473 472 481 535 ;
494 454 667 517 consilium
679 464 794 517 contra
805 454 1110 537 praecipitationem;

140 560 302 623 fortitudo
325 570 439 623 contra
474 560 793 642 pusillanimitatem
830 561 962 623 scientia
996 572 1109 625 contra

138 667 382 750 ignorantiam
403 666 507 749 pietas
530 666 827 747 contraduritiam3
851 667 951 729 timor
974 666 1109 731 Domini

137 784 259 837 contra
282 773 479 854 superbiam.

210 878 279 943 Alii
314 889 425 942 autem
449 880 616 961 assignant
651 879 746 941 istam
780 880 1006 943 sufficientiam
1042 880 1106 943 sic:

140 989 245 1051 Dona
267 997 343 1049 sunt
365 986 407 1048 ad
431 987 584 1069 expedite
607 986 864 1069 perveniendum
887 988 930 1050 ad
953 987 1106 1049 ultimum

140 1092 255 1155 frnern.
280 1092 353 1155 Hoc
376 1101 487 1156 autern
511 1101 619 1175 potest
642 1113 712 1155 esse
745 1092 926 1174 dupliciter,
950 1094 1028 1175 quia
1050 1104 1108 1157 aut

136 1200 325 1281 expediunt
348 1208 460 1262 contra
484 1200 618 1271 malum,
643 1200 766 1261 autad
789 1200 925 1262 bonurn.
950 1200 983 1264 Si
995 1200 1107 1281 primo

138 1306 245 1379 modo,
280 1306 325 1369 sic
358 1314 407 1368 est
441 1307 565 1370 donum
600 1306 735 1369 timoris.
766 1305 800 1369 Si
830 1307 967 1369 secundo
1002 1308 1103 1380 modo,

138 1413 208 1476 hoc
232 1422 338 1494 potest
360 1432 429 1475 esse
452 1412 632 1495 dupliciter,
653 1412 731 1493 quia
752 1422 812 1474 aut
834 1413 1017 1495 expediunt
1038 1414 1106 1475 sive

138 1528 341 1603 promovent
363 1519 405 1581 ad
430 1518 554 1581 bonurn
572 1519 663 1601 quod
688 1528 737 1581 est
760 1516 841 1592 finis,
855 1520 905 1582 vel
922 1519 964 1581 ad
981 1520 1105 1581 bonurn

137 1626 235 1708 quod
257 1626 369 1688 estad
404 1624 514 1688 finem.
540 1624 574 1688 Si
591 1626 703 1707 primo
727 1626 828 1687 modo
859 1625 922 1688 hoc
945 1626 1106 1707 contingit

138 1732 322 1813 dupliciter,
347 1733 424 1815 quia
437 1734 487 1795 vel
511 1741 709 1815 promovent
721 1752 779 1814 per
803 1732 940 1794 modurn
955 1732 1104 1807 videntis,

136 1840 243 1902 etsie
266 1840 397 1921 ponitur
420 1840 548 1901 donum
583 1839 775 1912 intellectus,
800 1839 851 1900 vel
875 1859 932 1919 per
967 1838 1104 1901 modum

137 1946 302 2028 gustantis
325 1946 426 2009 etsie
449 1947 582 2028 ponitur
605 1946 732 2008 donum
746 1944 922 2026 sapientiae.
948 1943 981 2008 Si
994 1954 1104 2007 autem

137 2062 337 2137 promovent
359 2053 401 2116 ad
426 2053 550 2116 bonum
575 2053 666 2136 quod
689 2062 739 2116 est
761 2049 930 2124 adfinem,
955 2050 1104 2115 hoccon-

134 2161 238 2242 tingit
260 2159 439 2242 dupliciter,
463 2159 643 2242 quiaillud
667 2159 792 2222 bonurn
828 2158 877 2220 vel
902 2167 950 2220 est
974 2179 1103 2240 supere-

135 2257 326 2350 rogationis,
350 2267 401 2330 vel
426 2267 633 2330 necessitatis.
660 2265 693 2330 Si
718 2265 1022 2347 supererogationis,
1041 2265 1103 2328 hoc

134 2373 299 2457 contingit
333 2374 512 2456 dupliciter,
548 2374 625 2455 quia
648 2373 776 2436 donum
800 2372 843 2434 ad
866 2371 945 2434 illud
977 2371 1102 2434 bonum

131 2491 195 2546 aut
217 2501 252 2544 se
274 2480 373 2544 habet
395 2501 453 2563 per
476 2480 613 2543 modum
636 2477 815 2562 dirigentis,
844 2488 877 2541 et
901 2477 946 2540 sic
969 2478 1102 2560 ponitur

133 2590 263 2652 donum
287 2587 427 2667 consilii3
450 2595 507 2650 aut
522 2607 557 2649 se
581 2585 679 2648 habet
702 2606 759 2668 per
776 2585 915 2647 modum
940 2603 1100 2665 exequen·
1192 2577 1203 2600 '

133 2695 187 2768 tis,
211 2703 244 2756 et
266 2693 310 2756 sic
334 2694 467 2776 ponitur
480 2694 603 2756 donum
628 2691 835 2756 fortitudinis.
850 2689 883 2754 Si
908 2699 1017 2753 autern
1040 2711 1100 2772 po·

133 2811 232 2864 natur
254 2801 334 2863 illud
357 2801 483 2863 donum
506 2820 575 2862 esse
598 2798 804 2871 necessitatis,
822 2797 887 2860 hoc
910 2797 1008 2859 etiam
1022 2819 1100 2859 con-

132 2908 233 2990 tingit
267 2907 450 2990 dupliciter,
473 2908 550 2988 quia
584 2905 709 2970 donum
735 2913 881 2986 respectu
917 2904 999 2966 illius
1022 2904 1100 2967 boni

132 3024 192 3078 aut
215 3035 250 3076 se
273 3013 372 3076 habet
395 3033 452 3095 per
469 3013 606 3075 modum
631 3011 826 3094 regulantis,
851 3011 944 3074 etsie
968 3010 1100 3093 ponitur

132 3122 260 3185 donum
277 3120 437 3198 scientiae;
461 3128 518 3182 aut
541 3119 687 3182 sehabet
710 3139 768 3202 per
785 3119 923 3182 modum
947 3138 1099 3199 exequen-

131 3228 186 3302 tis,
216 3237 250 3291 et
272 3227 317 3290 sic
343 3226 475 3309 ponitur
498 3227 623 3289 donum
648 3225 785 3310 pietatis

204 3440 431 3526 Quantum
467 3441 532 3507 ad
563 3439 806 3506 seeundum
846 3437 1098 3503 Articulum

128 3558 206 3612 sunt
229 3557 372 3631 quatuor
396 3547 484 3609 modi
509 3547 647 3612 dicendi.
678 3542 787 3614 Unus
818 3545 947 3607 Henrici
981 3543 1096 3620 Quodl.

126 3673 159 3740 4.
183 3677 214 3740 q.
234 3671 294 3736 55.
318 3654 380 3736 qui
397 3653 475 3718 dicit
508 3655 597 3738 quod
632 3653 716 3716 sicut
750 3652 833 3715 circa
868 3650 1096 3714 delectationes

990 3779 1018 3824 ιι
