2600 4200
265 271 327 333 160
499 268 574 331 Lra.
600 268 644 331 111
670 265 966 332 Sententiarum

239 486 387 554 matum;
412 496 491 557 ergo
515 475 540 536 si
565 494 733 556 nunquam
758 473 869 536 fuisset
893 470 1123 554 putrefactum,
1141 469 1200 531 hoc

238 582 350 647 luisset
384 591 517 665 propter
552 601 676 644 novum
713 580 917 653 miraculum,
942 579 987 640 ita
1018 578 1109 660 quod
1141 577 1200 638 alia

239 691 393 753 volitione
431 688 611 751 secundum
653 687 811 750 rationem
851 686 954 748 voluit
991 705 1111 767 corpus
1143 683 1198 746 sibi

239 797 321 887 uniri
355 808 388 858 et
418 797 481 858 alia
516 795 747 877 praeservaria
782 793 986 856 resolutione.
1012 793 1199 874 Accipiatur

238 904 350 987 opinio
373 924 448 984 quae
473 903 546 984 plus
571 903 687 984 placet.

306 1117 367 1180 At.)
392 1129 534 1179 PRIMUM
558 1127 774 1180 PR1NCIPALE
798 1115 872 1176 dico
891 1114 982 1195 quod
1007 1122 1120 1176 natura
1136 1133 1197 1175 non

239 1222 351 1305 incipit
375 1233 502 1285 motum
526 1242 625 1303 quem
651 1243 715 1284 non
741 1222 842 1302 possit
866 1219 1019 1303 perficere
1042 1229 1197 1302 quantum

237 1340 288 1393 est
309 1351 352 1392 ex
376 1349 430 1404 se;
455 1330 512 1390 secl
535 1330 617 1390 bene
640 1329 753 1410 incipit
776 1329 865 1410 quod
900 1349 966 1390 non
1002 1337 1108 1410 potest
1131 1347 1197 1409 per·

239 1437 334 1500 ficere
357 1437 434 1518 quia
457 1435 647 1517 prohibetur
671 1457 690 1497 a
714 1457 812 1498 causa
843 1435 1008 1516 superiori,
1032 1444 1065 1497 et
1088 1435 1131 1498 sic
1154 1443 1198 1496 est

240 1544 272 1605 in
296 1543 473 1625 proposito,
498 1543 588 1624 quod
612 1551 702 1624 patet
724 1563 766 1604 aa·
785 1561 819 1622 j.
843 1542 917 1604 Art.
945 1586 949 1592 ·

306 1650 365 1712 Ad
384 1650 558 1711 secundum
582 1649 757 1711 dicendum
792 1650 881 1730 quod
918 1669 982 1711 non
1018 1656 1066 1711 est
1100 1647 1198 1710 simile

239 1758 281 1820 de
304 1768 419 1820 natura
442 1757 570 1818 vivente
593 1766 626 1818 et
661 1765 776 1820 natura
813 1766 952 1826 mortua,
976 1763 1137 1837 quantum
1159 1754 1198 1815 ad

239 1864 384 1926 defectus
407 1872 650 1954 consequentes,
663 1864 741 1945 quia
758 1863 905 1927 Christus
927 1862 1103 1944 assumpsit
1121 1859 1181 1922 def·

239 1980 311 2033 ctus
334 1971 366 2032 in
390 1980 505 2032 natura
529 1970 723 2032 necessarios
743 1991 803 2052 pro
820 1969 1045 2050 redemptione
1068 1967 1198 2030 humani

240 2077 366 2161 generis
389 2077 577 2139 necessitate
599 2076 673 2138 dico
689 2076 867 2150 ordinante,
885 2086 921 2139 ut
944 2075 1131 2157 expositum
1154 2082 1200 2136 est

240 2184 273 2246 in
296 2185 383 2246 Dist.
403 2185 562 2265 praeced.;
598 2183 790 2266 putrefactio
824 2192 933 2246 autem
960 2204 1025 2245 non
1060 2193 1128 2244 erat
1150 2182 1200 2241 de-

240 2290 343 2353 sectus
367 2292 563 2353 necessarius
586 2312 646 2372 pro
662 2290 885 2371 redemptione
909 2289 1043 2351 humani
1068 2288 1199 2371 generis.

308 2399 366 2460 Ad
379 2398 510 2461 tertium
527 2398 702 2460 dicendum
715 2397 804 2479 quod
816 2398 940 2478 duplex
960 2407 1009 2459 est
1025 2396 1202 2478 proprietas

240 2504 359 2567 scilicet
382 2502 574 2585 separabilis
601 2513 633 2565 et
658 2504 895 2584 inseparabilis.
922 2503 973 2564 De
1008 2502 1202 2585 proprietate

240 2612 373 2693 quidem
398 2611 609 2692 inseparabili,
637 2610 743 2691 irtasbr
765 2619 813 2672 est
836 2631 921 2683 vera,
943 2610 984 2672 de
1008 2609 1202 2692 proprietate

240 2740 318 2781 vero
341 2718 526 2798 separabili,
551 2738 627 2780 non.
649 2718 693 2778 Et
716 2725 796 2779 tunc
819 2717 951 2779 ulterius
974 2716 1138 2798 distinguo
1162 2715 1203 2775 de

241 2825 438 2906 proprietate
461 2823 640 2908 separabili,
658 2823 734 2905 quia
753 2824 907 2905 quaedam
931 2834 1009 2887 sunt
1025 2820 1203 2885 necessaria

241 2952 302 3013 pro
325 2930 389 2993 fine
412 2930 651 3012 redemptionis,
670 2930 752 2993 sicut
770 2950 867 3005 morS,
883 2941 916 2993 et
939 2931 1035 2992 istam
1058 2928 1207 2993 Christus

240 3038 424 3119 assumpsit.
450 3037 527 3099 Alia
550 3058 627 3101 vero
653 3058 714 3100 nou
740 3036 921 3100 necessaria
956 3057 1016 3118 pro
1052 3036 1110 3099 isto
1139 3034 1206 3096 fine

240 3144 323 3206 sicut
347 3143 539 3225 putrefactio
555 3154 588 3208 et
602 3145 698 3207 istam
723 3164 788 3206 non
814 3142 993 3226 assumpsit
1005 3164 1013 3221 ;
1036 3162 1122 3225 erg0,
1141 3151 1205 3203 etc.
