2600 4200
232 178 294 239 266
454 174 537 239 ‘Lm
562 174 615 237 IV
639 174 945 239 Suuruurmnuu

207 355 250 417 ad
272 354 517 435 procreandam
534 354 666 435 prolem
682 342 796 417 debite
812 355 1023 417 educandam
1039 376 1169 418 marem

207 463 241 525 et
267 460 444 524 foeminam
479 461 709 525 indissolubili
745 461 884 523 vinculo
919 462 984 523 sibi
1020 464 1169 525 invicem

206 568 359 656 copulari
384 577 418 630 et
433 561 536 629 etiam
552 566 710 649 obligari.
725 568 868 631 Secunda
884 569 1054 637 Conclusio,
1076 572 1170 650 quod

205 674 388 739 honestum
412 683 465 735 est
488 675 531 736 ad
546 673 792 755 procreandam
809 674 940 754 prolem
957 676 1071 737 debite
1089 678 1171 738 edu-

206 782 351 844 candam
374 800 502 844 marem
527 791 562 842 et
584 778 762 843 ioeminam
786 790 990 861 potestatem
1026 801 1167 845 suorum

206 907 387 969 corporum
411 890 476 949 sibi
501 890 647 950 invicem
673 898 792 950 mutuo
827 897 862 949 et
884 898 1007 967 sponte
1034 890 1169 951 tradere

206 1015 270 1076 pro
293 1014 358 1059 usu
381 1005 556 1076 perpetue.
588 996 620 1057 T
615 998 695 1055 ertia
717 996 885 1063 Conclusio,
907 1014 1099 1076 congruum
1114 1006 1169 1057 est

206 1102 425 1164 donationem
449 1102 550 1165 istam
574 1112 727 1165 mutuam
752 1120 773 1161 a
796 1100 871 1161 Deo
897 1102 1030 1163 institui
1055 1112 1089 1163 et
1112 1122 1169 1183 ap-

206 1210 353 1289 probari.

297 1420 451 1485 Prima
479 1420 695 1485 Omwliwo’o
719 1421 884 1500 probatur
899 1422 962 1481 sic:
981 1420 1166 1483 Hominem

207 1529 297 1590 velle
320 1547 499 1608 procreare
530 1528 661 1607 prolem
701 1528 735 1588 in
776 1529 889 1606 specie
927 1527 1077 1589 humana
1113 1537 1168 1589 est

204 1633 303 1697 'actus
326 1636 440 1695 debite
463 1633 855 1695 circumstantionabilis
881 1632 950 1695 Sed
974 1636 1039 1695 iste
1070 1644 1169 1696 actus

206 1742 320 1803 debite
343 1742 703 1803 circumstantionatur
725 1760 769 1801 ex
793 1742 912 1809 tribus,
931 1740 1060 1803 scilicet
1078 1740 1170 1803 velle

207 1868 386 1930 procreare
409 1848 539 1927 prolem
564 1847 678 1908 debite
702 1847 969 1917 educandamet
985 1848 1078 1926 quod
1101 1850 1169 1910 iste

207 1966 304 2017 actus
328 1957 373 2017 sit
395 1955 695 2015 determinatarum
728 1972 950 2033 personarum
989 1956 1094 2015 maris
1131 1964 1169 2015 et

205 2058 368 2130 foeminae,
394 2070 428 2123 ct
451 2062 542 2141 quod
567 2062 609 2122 ad
648 2061 745 2123 illum
785 2070 896 2122 actum
936 2060 1166 2123 indissolubili

206 2170 345 2230 vinculo
369 2170 575 2248 obligentur.
602 2169 671 2229 [ste
695 2177 808 2230 autem
844 2179 940 2229 actus
978 2179 1031 2228 est
1070 2177 1169 2229 actus

205 2277 476 2342 matrimonialis,
501 2285 535 2336 et
558 2277 670 2336 omnis
704 2275 784 2334 talis
807 2277 1169 2336 circumstantionatus

206 2395 259 2443 est
282 2385 456 2444 honestus.
482 2381 578 2462 Ergo
600 2384 729 2442 bonum
764 2393 798 2441 et
830 2383 1010 2442 honestum
1046 2383 1167 2442 estad

208 2491 339 2570 prolem
374 2490 616 2570 procreandam
649 2499 682 2548 et
722 2489 764 2548 ad
803 2489 915 2548 debite
955 2488 1179 2549 educandam·

206 2617 333 2657 marem
359 2607 392 2656 ct
416 2595 593 2656 ioeminam
618 2595 848 2656 indissolubili
874 2596 1012 2655 vinculo
1029 2595 1092 2656 sibi
1119 2596 1171 2655 in·

206 2705 316 2764 vicem
341 2704 492 2782 copulari
517 2715 551 2762 ct
575 2703 732 2782 obligari.
760 2702 906 2762 Probalr'o
923 2704 1073 2778 eraseris:
1100 2702 1171 2762 Ae-

206 2821 262 2870 tus
286 2811 344 2889 qui
369 2810 410 2869 de
434 2829 470 2869 se
495 2829 562 2869 non
587 2821 639 2869 est
663 2809 773 2869 bonus
785 2809 937 2868 bonitate
954 2809 1084 2876 morali,
1104 2827 1169 2870 nec

206 2917 248 2977 de
272 2937 308 2976 se
332 2917 443 2978 mulus
477 2917 608 2977 malitia
641 2917 799 2994 opposita
835 2927 886 2975 est
921 2925 1018 2975 actus
1052 2915 1171 2976 debite

206 3023 607 3092 circumstantionabilis;
641 3023 701 3081 sed
736 3041 912 3102 procreare
947 3022 1076 3101 prolem
1113 3031 1170 3083 est

205 3141 302 3190 actus
342 3151 408 3190 non
449 3132 490 3190 de
530 3151 565 3190 sc
603 3131 714 3188 bonus
753 3129 906 3189 bonitate
937 3129 1067 3195 morali.
1103 3147 1169 3189 nec

205 3238 247 3297 dc
271 3257 308 3297 se
332 3238 461 3307 mulus;
489 3257 573 3314 orgi>
597 3245 649 3295 ost
673 3237 714 3296 de
739 3255 775 3295 se
803 3237 916 3297 debite
947 3237 1173 3296 circumstan-

205 3345 390 3404 tionnbilis.
416 3345 562 3403 l'robulr'o
580 3345 730 3402 ruinosis:
755 3363 831 3402 num
858 3345 923 3402 istu
948 3341 1172 3403 minorhabet

205 3461 274 3512 tres
299 3463 421 3530 partos
448 3453 560 3510 Priruu
573 3458 653 3526 purs
677 3451 750 3529 ejus
775 3452 937 3530 probatur
957 3451 1030 3510 sic:
1067 3449 1172 3528 quili-

204 3558 262 3616 bet
286 3579 330 3616 ex
354 3559 518 3617 charitato
550 3569 684 3617 tenetur
718 3558 863 3637 diligero
898 3559 1092 3636 proximum
1131 3565 1173 3616 et
