2600 4200
253 259 290 317 26
476 256 550 316 Lm.
577 253 628 316 IV
654 253 960 317 Suu‘ruu'rmnuu

227 453 360 514 elicitur
384 453 520 515 bonum.
548 491 587 496 —
617 452 794 515 Concessit
818 453 926 534 igitur
943 452 1192 534 Hieronymus,
1297 452 1299 503 ἱ

228 560 363 641 legalia,
388 563 537 622 maxime
561 562 863 631 circumcisionem,
907 579 1043 622 servare
1066 559 1195 622 debere

228 686 406 749 quousque
430 671 557 730 veritas
574 668 757 749 Evangelii
775 667 1061 749 promulgaretur,
1074 676 1110 728 et
1126 667 1194 729 hoc

229 779 263 838 in
287 785 360 837 toto
395 779 505 856 primo
539 787 713 856 tempore;
748 775 808 836 sed
843 774 913 836 illis
947 775 1194 855 incipientibus

230 885 352 964 aperiri
378 904 456 964 quae
486 886 519 944 in
545 903 635 944 nova
660 883 738 964 lege
762 881 1032 952 continebantur,
1046 882 1107 943 illa
1122 901 1195 944 ces·

229 993 370 1063 sabant;
395 993 443 1052 ita
467 1001 504 1052 ut
528 990 611 1052 nulli
636 991 733 1070 prius
757 998 929 1069 acceptam
954 990 1112 1054 notitiam
1136 1009 1194 1051 ve·

229 1101 339 1160 ritatis
378 1098 493 1159 liceret
531 1116 669 1158 servare
706 1097 782 1158 haec
816 1096 1037 1157 Sacramenta
1074 1097 1192 1176 aliquo

229 1207 340 1276 modo,
367 1207 430 1267 nisi
456 1205 524 1266 illis
549 1205 660 1266 solum
684 1205 727 1265 ad
743 1223 830 1284 quos
847 1223 913 1265 non
931 1205 1088 1284 pervenit
1108 1223 1191 1284 prae

229 1313 353 1374 dicatio
379 1311 573 1393 Evangelii,
599 1312 655 1373 vel
679 1313 781 1372 etiam
814 1312 899 1392 ipsis
932 1311 1114 1392 Apostolis
1145 1330 1190 1372 ex

229 1420 483 1500 dispensatione
507 1419 562 1480 vel
586 1421 644 1499 pia
667 1418 805 1498 quidem
830 1417 1122 1489 dissimulatione;
1140 1437 1191 1480 ce·

229 1529 291 1588 teri
325 1535 436 1587 autem
472 1535 567 1587 erant
601 1535 875 1607 transgressores
908 1525 1191 1605 qualitercunque

230 1642 414 1696 servarent.
441 1633 500 1694 Ad
524 1633 587 1693 hoc
601 1633 827 1693 movebantur
851 1635 919 1693 Act.
944 1651 992 1708 15,
1021 1633 1079 1693 ubi
1096 1631 1192 1713 Apo

230 1741 306 1802 stoli
333 1741 550 1802 consentiunt
573 1739 701 1821 legalia
712 1760 780 1801 non
792 1759 868 1801 esse
885 1737 1062 1808 servanda,
1076 1748 1191 1801 tamen

230 1848 364 1917 alicubi,
390 1857 468 1927 post
495 1847 588 1908 illam
623 1850 838 1918 sententiam,
874 1847 1001 1929 legalia
1034 1866 1193 1908 servave-

230 1965 318 2022 runt.
345 1957 433 2016 sicut
456 1955 584 2036 legitur
618 1955 661 2016 de
696 1955 799 2016 Petro
832 1956 876 2015 ad
911 1955 1043 2014 Galatas
1076 1972 1117 2022 2.,
1157 1964 1193 2015 et

231 2062 338 2124 Paulo
362 2063 418 2142 qui
445 2063 656 2124 circumcidit
680 2061 908 2131 Timotheum,
933 2070 971 2123 ut
994 2069 1089 2142 patet
1121 2063 1190 2123 Act.

229 2177 277 2230 16.
304 2170 463 2231 Servavit
487 2172 589 2231 etiam
614 2179 733 2231 votum
757 2169 996 2239 Nazareorum,
1027 2178 1067 2230 ut
1097 2179 1193 2250 patet

231 2281 264 2337 ie
289 2276 425 2337 Actibus.

224 2360 229 2370 ¹
275 2462 276 2465 Ἴ
320 2383 542 2465 Augustinus
576 2394 690 2445 autem
729 2384 796 2445 alio
833 2384 936 2445 modo
970 2384 1085 2445 solvit.
1120 2382 1191 2446 Ubi

231 2491 405 2553 sciendum
431 2491 522 2570 quod
548 2490 769 2571 Augustinus
793 2490 920 2571 triplex
943 2499 1080 2569 tempus
1097 2491 1193 2553 intel-

232 2599 326 2665 lexit,
346 2600 452 2675 primo
468 2609 603 2677 tempus
619 2598 786 2659 condendi
803 2596 1045 2677 Evangelium.
1061 2597 1193 2658 secundo

232 2706 471 2786 promulgandi
497 2705 682 2775 conditum,
700 2708 789 2764 terlio
804 2704 1016 2791 custodiendi
1030 2703 1101 2783 jam
1117 2722 1194 2784 pro-

232 2813 433 2891 mulgatum.
463 2850 503 2856 —-
541 2812 688 2872 Primum
723 2819 842 2889 tempus
872 2808 937 2872 tuit
967 2811 1010 2871 ab
1041 2812 1191 2873 adventu

233 2920 358 2983 Christi
383 2939 491 2998 usque
516 2919 558 2979 ad
575 2921 746 2999 passionis
761 2920 1065 2989 consumationem,
1078 2927 1113 2980 et
1127 2918 1193 2981 hec

232 3038 384 3107 tempore
408 3025 545 3086 fuerunt
569 3027 697 3107 legalia
731 3024 908 3093 infirmata,
945 3034 979 3086 et
1014 3027 1048 3086 in
1083 3035 1193 3087 morte

233 3134 358 3196 Christi
392 3142 534 3194 mortua.
567 3133 742 3193 Serrmdum
777 3140 896 3210 tempus
930 3130 995 3193 luit
1029 3152 1050 3193 a
1083 3142 1193 3195 morte

234 3240 360 3303 Christi
386 3260 493 3319 usque
518 3241 559 3299 ad
584 3240 856 3321 divulgationem
880 3240 914 3301 in
927 3258 1046 3300 omnes
1058 3248 1192 3323 gentes,

230 3349 330 3428 juxta
354 3346 458 3408 illud:
486 3350 519 3409 in
544 3366 679 3407 omnem
704 3358 838 3416 terram,
863 3356 947 3418 etc.;
973 3356 1007 3408 et
1030 3348 1096 3410 hoc
1112 3356 1194 3408 tem·

235 3475 317 3535 pore
341 3454 477 3515 luerunt
489 3454 614 3535 legalia
630 3454 673 3515 ad
690 3454 856 3515 tumulum
873 3454 1027 3515 deducta
1053 3455 1194 3515 Tertium

235 3568 352 3639 tempus
376 3560 439 3622 fuit
464 3562 505 3621 ab
531 3562 589 3623 illo
614 3572 766 3641 tempore
790 3579 898 3642 usque
922 3561 965 3622 ad
980 3559 1082 3623 finem
1098 3580 1195 3621 mun·

234 3668 279 3735 cli,
306 3668 339 3725 in
363 3686 431 3746 qun
455 3667 581 3748 legalia
605 3678 685 3729 sunt
708 3670 804 3747 quasi
830 3669 864 3729 in
893 3668 1048 3749 sepulcro
1080 3669 1195 3749 posita
