2600 4200
345 265 532 333 Drsrrucr.
557 266 619 331 XL
644 267 792 349 Quasi.
816 268 831 332 1
1026 282 1087 348 251

146 475 191 537 ad
204 494 303 556 quem
327 474 426 537 etiam
440 494 505 536 non
530 494 644 536 omnes
657 474 848 557 generaliter
860 482 1020 548 tenentur,
1034 483 1115 557 puta

145 582 191 645 ad
217 581 462 644 matrimonium
486 581 536 643 vel
560 581 603 643 ad
626 581 866 663 susceptionem
890 582 1053 644 ordinum.
1078 581 1113 645 Si

143 697 260 751 autem
284 708 514 769 comparemus
549 687 656 770 legem
692 708 814 750 novam
838 689 881 750 ad
903 688 1010 770 legem
1033 688 1114 750 anti-

144 815 250 877 quam
275 814 374 876 penes
387 792 584 877 judicialia,
608 803 688 856 tunc
705 795 759 857 lex
783 815 869 857 nova
880 804 930 857 est
953 794 1115 857 levissima

143 901 226 983 quia
250 901 339 963 nulla
360 900 525 980 judicialia
550 900 699 965 Christus
710 901 859 981 imponit,
885 901 1001 965 licetin
1014 922 1115 983 quan-

143 1018 219 1070 tum
245 1006 365 1070 suerint
387 1028 445 1089 per
467 1007 548 1070 alios
570 1008 733 1069 declarata
756 1008 820 1070 sint
842 1008 951 1090 aliqua
963 1008 1114 1089 superad-

142 1114 225 1177 dita.

212 1220 278 1283 Ao
302 1233 563 1283 naouunnauu
588 1234 625 1281 ru
643 1234 897 1293 coniuratum,
918 1221 1052 1301 quando
1069 1219 1115 1281 di-

141 1328 231 1391 citur
255 1327 346 1408 quod
381 1327 435 1389 lex
460 1347 544 1390 nova
568 1346 601 1389 se
625 1326 725 1389 habet
759 1346 816 1407 per
839 1325 1040 1389 additionem
1071 1326 1113 1388 ad

142 1436 257 1517 legem
289 1432 469 1515 antiquam,
493 1433 518 1495 si
549 1434 747 1515 intelligatur
770 1432 811 1495 de
836 1432 1059 1515 judicialibus
1081 1442 1114 1494 et

140 1539 413 1605 cerimonialibus
436 1515 586 1602 tunc‘est
609 1538 697 1601 falsa.
723 1539 756 1603 Si
780 1550 892 1604 autem
916 1538 1114 1621 intelligatur

141 1656 312 1731 quantum
336 1647 378 1709 ad
402 1654 567 1728 praecepta
591 1646 742 1719 ramalia,
767 1646 866 1707 etiam
902 1665 968 1707 non
991 1653 1040 1707 est
1063 1640 1114 1707 ue-

141 1775 230 1829 rum,
259 1753 318 1815 nisi
336 1774 393 1835 per
417 1752 615 1815 additionem
634 1752 794 1834 intelligas
818 1751 975 1832 majorem
1000 1752 1113 1832 expla-

142 1862 334 1935 nationem3
359 1870 435 1922 sunt
458 1859 545 1921 enim
577 1868 742 1941 praecepta
773 1859 917 1940 antiquae
942 1858 1021 1939 legis
1046 1880 1114 1920 ma-

142 1968 193 2051 gis
230 1966 389 2049 explicita
412 1966 444 2027 in
469 1986 554 2027 nova
578 1966 659 2046 lege,
695 1985 837 2047 quorum
872 1970 1113 2047 praeceptorum

141 2073 419 2157 adimpletionem
432 2072 524 2136 nobis
545 2072 707 2136 concedat
720 2072 810 2134 Deus
833 2070 951 2136 Trinus
963 2080 996 2134 et
1007 2071 1113 2135 Unus

141 2183 271 2248 Amen.

427 2393 573 2476 Explicit
597 2393 695 2454 Liber
718 2392 840 2454 tertius.
