2600 4200
247 245 307 316 184
471 240 545 301 ΜΒ.
572 238 623 300 IV
648 238 955 301 Seu'rssurrxxrnr

212 428 271 481 est
294 418 374 480 data
399 417 529 498 duplex
562 418 689 485 tabula.
716 418 876 481 videlicet
910 418 1110 499 Baptismus
1144 430 1179 479 et

217 524 436 587 Poenitentia
462 524 672 620 Pernitentia
698 535 810 587 autem
828 536 880 586 est
897 525 1047 587 secunda
1062 525 1180 587 tabula

215 642 295 713 post
324 630 551 713 naufragium.
578 630 645 693 Hic
680 640 793 693 autem
830 651 898 695 non
933 634 1101 713 quaeritur
1135 632 1178 693 de

214 749 357 819 peccato
381 738 515 801 mortali
539 740 724 800 commisso
748 749 826 800 ante
853 738 1078 819 Baptismum‚
1097 741 1179 820 quia

213 845 301 907 talia
323 845 480 907 delentur
503 864 564 926 per
588 844 815 925 Baptismum.
853 846 914 907 sed
948 846 1114 926 quaeritur
1136 846 1179 907 de

215 961 358 1031 peccato
392 953 527 1013 mortali
562 953 745 1014 commisso
780 962 858 1033 post
893 951 1119 1033 Baptismum,
1144 964 1179 1014 et

211 1070 298 1120 tunc
323 1060 356 1119 in
383 1056 583 1138 Quaestione
599 1068 747 1140 quatuor
762 1068 842 1121 sunt
864 1059 1026 1121 videnda:
1052 1060 1174 1126 Primo,

211 1165 300 1244 quid
338 1176 490 1226 remanet
528 1167 563 1227 in
598 1176 776 1247 peccatore
812 1175 1010 1227 transeunte
1045 1174 1123 1227 actu
1159 1188 1179 1226 a

212 1290 286 1350 quo
320 1271 444 1333 dicitur
478 1281 646 1353 peccator.
672 1272 820 1339 Secundo,
850 1274 879 1333 si
904 1271 988 1333 illud
1013 1272 1105 1352 quod
1129 1292 1179 1333 re·

216 1390 333 1439 manet
357 1378 391 1439 in
415 1389 592 1459 peccatore
615 1378 757 1440 deletur.
791 1378 902 1446 Τενίὶο,
924 1380 952 1441 si
969 1378 1101 1440 deletur
1116 1398 1178 1459 per

217 1469 472 1546 Poenitentiam.
501 1486 631 1560 Quarto,
653 1484 825 1564 quomodo
849 1486 1034 1565 requiritur
1057 1484 1098 1545 ad
1122 1484 1178 1545 de

161 1659 165 1668 f
215 1590 378 1652 letionem
403 1593 537 1671 punitio
560 1590 819 1671 poenitentialis,

311 1804 529 1885 Qurrutrrm
552 1805 608 1867 od
626 1804 825 1883 mitreum
840 1813 893 1866 est
908 1802 1037 1884 duplex
1054 1803 1178 1864 modus

211 1912 361 1973 dicendi.
394 1912 466 1972 Una
488 1913 571 1970 enim
595 1912 700 1989 opinio
723 1910 806 1971 dicit
829 1911 899 1971 sic:
932 1910 1067 1989 quoties
1098 1910 1178 1971 dici-

216 2027 273 2081 tur
296 2036 401 2081 unum
425 2019 662 2099 oppositorum
685 2018 787 2077 toties
799 2017 924 2077 dicitur
947 2026 980 2077 et
996 2015 1176 2097 reliquum;

215 2127 279 2187 sed
319 2127 453 2206 justitia
491 2137 524 2186 et
561 2124 728 2206 injustitia
763 2133 843 2187 sunt
878 2125 1057 2206 opposita;
1093 2143 1178 2206 ergo

211 2233 353 2312 quoties
390 2233 515 2294 dicitur
545 2233 680 2312 justitia
704 2233 806 2292 toties
840 2231 965 2293 dicitur
999 2231 1176 2311 iniustitia.

215 2339 287 2401 Sed
308 2341 430 2415 justino
453 2350 506 2399 est
529 2339 658 2418 duplex
682 2337 813 2399 scilicet
836 2337 1005 2398 habitualis
1016 2346 1050 2398 et
1073 2344 1178 2396 actua-

213 2449 258 2506 lis
269 2470 283 2515 ,·
305 2445 490 2508 habitualis
514 2455 552 2506 ut
575 2445 688 2525 gratia
721 2454 755 2505 et
788 2444 946 2513 charitas.
972 2443 1115 2505 actualis
1138 2454 1178 2505 ut

215 2552 385 2615 rectitudo
409 2563 490 2613 nata
513 2553 624 2612 inesse
648 2552 738 2612 actui
763 2551 897 2622 elicito;
933 2569 1018 2632 ergo
1044 2551 1108 2612 erit
1141 2563 1177 2610 et

211 2659 347 2739 duplex
371 2660 526 2736 injustitia
564 2657 694 2718 scilicet
732 2656 917 2718 habitualis
952 2666 986 2718 et
1021 2657 1174 2718 actualis.

218 2765 415 2828 Habitualis
438 2775 491 2827 est
515 2763 672 2844 quaedam
697 2765 845 2844 privatio
869 2765 993 2846 gratiae
1005 2765 1040 2825 in
1055 2783 1096 2825 eo
1120 2765 1174 2825 cui

212 2873 342 2934 dicitur
366 2873 497 2942 inesse;
523 2872 666 2932 actualis
689 2881 742 2932 est
765 2871 923 2951 quaedarn
947 2871 1096 2950 privatio
1108 2889 1177 2931 rec·

215 2979 375 3040 titudinis
398 2979 433 3039 in
457 2989 544 3039 actu.

308 3086 366 3147 Ad
390 3087 613 3165 propositum,
639 3094 717 3165 post
752 3095 864 3146 actum
896 3085 1117 3146 intrinsecum
1142 3094 1177 3144 et

208 3182 447 3254 extrinsecum
472 3201 705 3253 transeuntem
729 3203 844 3252 manet
867 3191 1004 3271 quidem
1032 3191 1066 3251 in
1102 3209 1178 3270 pec·

213 3310 331 3360 catore
355 3299 522 3379 injustitia
545 3299 740 3365 habitualis,
766 3299 825 3358 sed
861 3297 903 3359 ab
928 3296 988 3359 illa
1010 3298 1084 3358 sola
1108 3315 1176 3358 non

215 3406 342 3467 dicitur
365 3407 442 3487 quis
465 3416 632 3486 peccator,
659 3405 810 3486 alioquin
835 3404 892 3465 ille
916 3405 974 3483 qui
990 3404 1178 3465 commisis-

217 3523 271 3574 set
294 3512 361 3574 duo
384 3513 480 3573 milia
490 3522 631 3592 peccata
645 3511 812 3580 mortalia,
829 3521 863 3572 et
879 3513 967 3573 alius
983 3511 1041 3590 qui
1058 3529 1176 3576 unum.

208 3629 333 3680 essent
357 3639 455 3698 aeque
481 3628 677 3698 peccatores
713 3619 882 3679 intensive
917 3627 950 3678 et
985 3618 1176 3684 extensive,
