2600 4200
251 278 273 340 6
497 277 571 340 Lm.
597 275 642 338 111
667 276 960 340 Sauranrrnnun

303 479 426 551 Tertia
441 481 506 550 via
522 484 689 546 declarans
702 483 944 563 possibilitatem
959 483 1192 546 Incarnationis

229 599 279 653 est
302 590 376 653 ista:
394 591 467 652 licet
490 611 539 653 res
563 590 658 652 unius
682 589 808 672 generis
832 609 897 652 non
925 589 1027 670 possit
1041 610 1110 651 esse
1145 591 1192 651 al-

231 697 339 772 terius,
364 707 471 779 potest
494 707 603 760 tamen
616 697 736 759 habere
754 697 889 758 modum
913 696 1042 760 alterius
1065 697 1193 778 generis

229 805 313 866 sicut
335 804 493 878 accidens
518 804 668 886 quamvis
692 823 757 866 non
782 802 882 884 possit
905 823 973 865 esse
996 822 1046 865 res
1068 803 1109 864 de
1139 823 1193 884 ge-

232 931 307 974 nere
330 911 528 984 substantiae,
553 919 664 973 tamen
688 919 795 991 potest
819 909 938 972 habere
958 909 1095 970 modurn
1119 910 1194 972 suh

230 1018 357 1080 stantiae
382 1018 463 1080 sicut
487 1017 517 1079 in
554 1017 765 1086 Sacramento
803 1017 911 1078 altaris
951 1016 1006 1077 ubi
1029 1025 1079 1078 est
1112 1017 1194 1099 acci-

231 1125 312 1187 dens
335 1124 403 1186 sine
426 1124 590 1204 subject0;
613 1144 693 1206 ergo
716 1123 800 1185 sicut
818 1123 970 1184 accidens
993 1131 1101 1204 potest
1123 1122 1195 1185 sine

231 1230 388 1311 subjecto
406 1231 449 1294 ita
462 1231 641 1292 substantia
653 1231 719 1293 sive
732 1240 846 1292 natura
860 1228 1013 1303 humana,
1027 1238 1135 1310 potest
1148 1229 1195 1291 in·

229 1339 329 1399 duere
364 1337 450 1420 hunc
483 1338 629 1412 modum,
666 1347 702 1398 ut
735 1336 831 1398 sitin
868 1336 971 1398 alieno
1006 1336 1193 1417 supposit0;

230 1444 275 1506 sic
299 1444 429 1524 ponitur
445 1444 476 1506 in
498 1443 732 1516 incarnatione,
756 1443 875 1505 scilicet
897 1443 989 1524 quod
1008 1442 1195 1504 naturahu-

232 1570 329 1612 mana
356 1551 396 1613 sit
430 1551 462 1612 in
493 1550 597 1613 alieno
621 1550 801 1632 supposito.

302 1655 431 1720 Contra.
456 1658 597 1720 Probare
621 1677 723 1718 unum
747 1658 916 1731 creditum,
941 1678 998 1738 per
1021 1657 1108 1719 aliud
1124 1677 1194 1718 cre-

229 1763 345 1836 ditum,
371 1783 436 1826 non
460 1764 631 1826 haberetur
655 1764 730 1825 inde
754 1763 857 1844 major
877 1763 1037 1826 evidentia
1052 1763 1193 1844 quaesiti3

230 1871 286 1932 sed
310 1871 392 1932 sicut
415 1880 463 1932 est
491 1871 611 1932 credita
650 1871 842 1943 lncarnatio‚
866 1871 911 1932 ita
949 1871 1108 1932 creditum
1142 1879 1194 1931 est

230 1977 379 2039 accidens
401 1997 470 2039 esse
492 1977 560 2038 sine
583 1977 744 2057 subject03
768 1997 856 2058 ergo.

298 2085 465 2148 Praeterea.
492 2083 634 2165 Quando
658 2083 774 2146 dicitur
786 2083 875 2165 quod
900 2104 949 2146 res
973 2083 1067 2146 unius
1095 2104 1192 2167 gene-

231 2191 273 2253 ris
296 2201 403 2272 potest
426 2191 557 2253 induere
581 2192 718 2253 modum
741 2191 871 2252 alterius
894 2192 1029 2273 generis
1055 2190 1117 2252 hoc
1141 2200 1191 2253 est

231 2297 347 2359 salsum
372 2298 412 2359 de
448 2298 547 2359 modo
582 2298 714 2379 proprio
750 2298 831 2359 illins
862 2297 997 2379 generis.
1026 2296 1193 2359 Accidens

230 2404 317 2466 enim
346 2405 376 2467 in
406 2404 619 2475 Eucharistia,
641 2424 707 2467 non
732 2404 835 2466 induit
861 2405 997 2466 modum
1022 2404 1190 2486 proprium

231 2511 429 2583 substantiae,
455 2510 530 2593 quia
555 2512 673 2573 modus
696 2512 826 2593 proprie
847 2511 1037 2573 substantiae
1050 2520 1099 2573 est
1123 2532 1189 2573 non

230 2618 413 2699 dependere
439 2618 612 2679 actualiter
650 2619 700 2679 vel
724 2618 997 2699 aptitudinaliter.
1026 2618 1192 2680 Accidens

230 2734 340 2786 autem
366 2724 397 2786 in
419 2724 621 2787 Eucharistia
645 2726 807 2806 dependet
833 2726 1096 2805 aptitudinaliter.
1122 2726 1192 2787 Nec

232 2831 318 2894 valet
341 2832 365 2893 si
389 2831 560 2894 adducitur
583 2832 662 2894 illud
686 2832 873 2913 Philosophi
889 2845 916 2910 5.
941 2831 1088 2913 ilctaplt.
1102 2832 1192 2912 quod

231 2937 410 3000 differentia
437 2939 626 3000 substantiae
650 2938 749 3001 habet
774 2939 908 3001 modum
926 2937 1098 3019 qualitatis,
1115 2938 1193 3020 quia

231 3065 297 3106 non
315 3044 451 3108 intendit
471 3045 513 3106 ibi
538 3045 755 3127 Philosophus
781 3047 821 3107 de
853 3046 953 3107 modo
973 3045 1104 3126 proprio
1136 3066 1191 3127 ge-

232 3150 316 3212 neris
332 3150 503 3232 qualitatis,
521 3151 576 3213 sed
590 3152 726 3213 intendit
739 3153 906 3233 imponere
919 3151 1190 3233 multiplicitatem

231 3256 328 3337 hujus
346 3258 484 3319 nominis
496 3259 591 3339 quale
613 3268 646 3319 et
670 3259 701 3319 in
725 3279 805 3320 voce
828 3258 943 3320 dicitur
968 3280 1025 3340 per
1053 3259 1191 3321 modum

229 3364 348 3445 qualis.

300 3466 447 3555 Quarta
470 3470 535 3538 via
558 3482 605 3533 est
637 3474 706 3535 ista.
733 3473 867 3555 Quanto
892 3493 940 3535 res
974 3482 1049 3535 sunt
1086 3472 1192 3553 magis

229 3577 390 3639 distinctae
413 3588 446 3639 et
469 3578 613 3653 diversae,
650 3588 742 3641 tanto
783 3580 886 3661 magis
921 3580 1065 3641 unibiles.
1102 3578 1190 3640 Nam

230 3683 397 3747 individua
429 3685 523 3747 unius
546 3686 662 3767 speciei
679 3705 744 3748 non
774 3696 910 3767 possunt
932 3686 977 3749 sic
1001 3685 1081 3747 uniri
1104 3684 1189 3747 sicut
1244 3689 1248 3700 '
