2600 4200
291 242 480 305 DISTINCT.
506 241 680 304 XXXIX
704 240 856 322 Quasi.
885 241 920 302 Il
1017 261 1078 321 335

142 423 289 502 primum
314 419 582 484 Sacramentum.
608 420 668 482 Ad
680 421 744 482 hoc
756 422 858 482 etiam
875 421 992 482 valent
1004 422 1104 481 ratio·

142 547 203 589 nes
227 528 382 589 adductae
408 528 451 588 ad
474 529 621 608 primurn
646 527 843 588 Articulum
860 537 1000 607 propter
1010 527 1103 588 bona

142 633 352 697 Matrimonii
370 651 448 714 quae
461 643 541 694 sunt
557 632 652 700 fides,
665 633 779 713 proles
795 643 829 693 et
841 641 1102 694 sacramentum.

230 845 292 908 ΑΙ)
316 859 588 908 ARGUMENTUM
614 847 648 905 in
671 848 865 905 contrarium
900 845 977 906 dico
1011 845 1105 925 quod

141 955 177 1016 in
201 954 360 1015 omnibus
383 953 453 1014 illis
475 952 644 1033 exemplis
679 953 721 1014 de
754 952 891 1032 Joseph‚
928 971 997 1013 non
1031 961 1106 1012 erat

141 1059 252 1122 adhuc
290 1060 499 1140 prohibitum
533 1058 670 1121 fidelem
705 1058 906 1121 contrahere
940 1077 1017 1120 cum
1054 1060 1104 1119 in-

141 1165 243 1228 fideli.

502 1395 685 1476 Quaesrm
709 1396 754 1457 ΙΙ.

241 1539 297 1598 Ad
316 1539 481 1600 secundam
508 1539 716 1613 Quoestronem
741 1541 785 1599 sic
801 1540 1001 1618 proceditur:

232 1696 379 1760 Videtur
402 1699 493 1778 quod
516 1700 679 1780 cognatio
695 1698 841 1760 camalis
858 1719 926 1761 non
938 1699 1103 1779 impediat

141 1807 406 1876 matrimonium,
432 1807 512 1885 quia
535 1807 790 1868 matrimonium
803 1807 1019 1868 strictissime
1035 1823 1103 1866 ser·

141 1913 288 1974 vabatur
310 1912 366 1973 vel
390 1911 595 1974 servandum
620 1922 693 1974 erat
717 1914 752 1973 in
776 1913 854 1994 lege
879 1922 1024 1982 naturae;
1043 1912 1106 1973 sed

141 2018 227 2082 Cain
251 2021 423 2113 contraxit
446 2037 523 2080 cum
548 2038 665 2080 sorore
689 2037 764 2089 sua;
790 2039 884 2102 ergo.

230 2128 270 2188 In
293 2130 465 2206 oppositum
489 2137 542 2188 est
566 2125 737 2208 Magister
761 2130 794 2187 in
818 2128 919 2195 litera,
947 2136 982 2187 et
1008 2135 1104 2206 patet

142 2234 259 2294 Extra.
283 2235 320 2293 de
342 2254 489 2311 consang.
514 2240 544 2293 et
565 2234 653 2312 affin.
678 2240 743 2311 cap.
768 2235 841 2293 Non
865 2234 957 2293 debet.

232 2338 275 2399 Iu
299 2353 385 2401 ιετΑ
410 2338 761 2419 QuAEsr1ounprz'mo
777 2340 1034 2419 praemittuntur
1045 2339 1105 2400 ali·

87 2501 94 2513 ,
142 2465 221 2526 quae
253 2446 508 2525 descriptiones.
545 2446 685 2507 Secundo
719 2445 845 2525 aliquae
879 2445 1011 2527 regulae
1043 2465 1103 2507 seu

142 2554 404 2633 propositiones.
435 2554 467 2614 Τ
463 2556 548 2619 ertio,
577 2552 703 2633 aliquae
728 2552 982 2615 Conclusiones

236 2764 454 2845 Qrtrtiatum
477 2765 534 2827 od
552 2765 750 2844 primum
766 2784 857 2845 pono
869 2767 1021 2845 quinque
1032 2765 1106 2826 des-

142 2873 337 2951 criptiones,
362 2890 505 2951 quarum
523 2874 634 2949 prz'ma
658 2882 710 2932 est
734 2873 809 2939 ista,
839 2872 931 2951 quod
965 2891 1107 2934 consan-

143 2979 296 3061 guinitas
319 2988 371 3039 est
396 2978 569 3041 vinculum
595 2998 817 3058 personarum
842 2979 884 3039 ab
897 2979 1015 3039 eadem
1032 2998 1106 3057 per·

142 3104 227 3147 sona
242 3086 369 3146 carnali
386 3088 634 3166 propagatione
659 3084 947 3147 descendentium.
962 3085 1106 3145 Secunda

141 3200 195 3254 est
219 3194 298 3255 ista:
324 3210 470 3272 persona
493 3212 513 3253 a
537 3212 604 3272 qua
627 3191 744 3272 plures
778 3192 905 3252 carnali
937 3210 1105 3271 propaga·

141 3301 234 3360 tione
258 3299 468 3360 descendunt
492 3308 634 3360 vocatur
658 3300 775 3378 stipes.
808 3299 914 3358 Tertia
938 3308 991 3358 est
1023 3299 1103 3357 ista:

37 3434 42 3449 ·
142 3407 232 3468 linea
255 3408 565 3487 consanguinitatis
589 3416 641 3466 est
665 3404 821 3465 ordinata
844 3404 1000 3465 collectio
1031 3422 1104 3484 per·

142 3532 302 3575 sonarum
327 3514 625 3592 consanguinitate
653 3512 858 3592 junctarum.
897 3513 1021 3587 Quarta
1052 3519 1106 3571 est

143 3621 222 3680 ista:
248 3620 339 3679 linea
362 3618 526 3680 dividitur
557 3622 590 3680 in
626 3619 866 3680 ascendentem
901 3628 935 3678 et
969 3618 1107 3678 descen-
