2600 4200
193 373 338 434 tentiam
363 373 528 432 motivam
553 372 740 434 secundum
765 373 877 434 locum
902 382 1095 434 nontamen
1109 392 1160 434 or·

194 480 370 560 ganicam;
397 481 463 540 ista
487 488 600 541 autem
624 488 739 560 potest
762 497 838 540 esse
861 479 1066 559 principium
1090 498 1161 540 mo·

197 585 299 647 vendi
335 586 521 647 secundum
556 593 677 654 totum,
713 605 780 646 non
819 595 933 647 tamen
971 585 1158 647 secundum

194 700 312 772 partes
335 692 507 771 quomodo
531 709 657 773 corpus
682 700 835 753 nostrum
870 702 1029 753 movetur
1061 712 1159 774 orga-

197 801 281 860 nice.
314 796 384 860 Sed
418 818 632 880 quaecunque
667 800 781 860 anima
816 799 1026 860 intellectiva
1056 799 1159 860 habet

194 906 299 967 talem
323 907 510 986 potentiam
528 907 703 967 motivam.
722 904 838 987 Igitur·
849 915 962 986 potest
978 925 1054 968 esse
1070 908 1160 986 prin-

193 1014 324 1093 cipium
347 1020 471 1082 motus,
496 1021 530 1073 et
554 1031 615 1092 per
638 1031 852 1092 consequens
875 1022 928 1074 est
951 1032 1042 1074 mere
1064 1014 1159 1093 spiri-

197 1119 303 1180 tualis
326 1138 371 1180 ex
394 1130 491 1199 parte
525 1121 695 1199 principii,
730 1121 811 1199 quia
845 1119 940 1181 nullo
974 1120 1076 1181 modo
1105 1129 1159 1182 est

196 1227 371 1308 organica,
396 1235 566 1288 ettamen
591 1227 778 1306 corporalis
801 1246 847 1288 ex
880 1237 977 1308 parte
1010 1228 1157 1295 termini,

196 1334 280 1412 quia
302 1333 376 1413 ejus
398 1335 566 1395 terminus
589 1343 646 1394 estv
665 1342 779 1395 motus
803 1333 922 1395 localis
944 1333 1107 1414 corporis.

287 1439 328 1499 St
348 1447 419 1500 lunc
442 1443 593 1518 arguitur
614 1449 734 1502 contra
756 1441 858 1509 istud,
882 1441 964 1520 quia
985 1450 1067 1502 tunc
1090 1442 1160 1502 ani·

197 1565 254 1607 ma
277 1546 426 1607 hominis
449 1545 552 1607 habet
575 1545 745 1625 duplicem
773 1548 962 1627 potentiam
992 1548 1157 1607 motivam

197 1653 384 1714 secundum
409 1652 532 1720 locum,
558 1652 719 1714 videlicet
741 1653 939 1734 organicam
962 1662 996 1714 et
1024 1671 1092 1714 non
1108 1672 1159 1714 or-

196 1761 370 1841 ganicam;
395 1759 460 1821 hoc
484 1768 596 1821 autem
621 1769 748 1840 pone're
772 1760 908 1821 videtur
937 1758 1157 1839 superfluum,

196 1875 270 1927 tum
295 1869 375 1945 quia
398 1866 535 1927 videtur
558 1885 633 1928 esse
648 1865 801 1946 ejusdem
818 1867 970 1934 rationis,
987 1875 1060 1927 tum
1077 1868 1159 1947 quia

196 1973 265 2034 alia
288 1973 441 2054 potentia
465 1991 533 2034 non
556 1982 671 2052 potest
694 1975 790 2033 exire
806 1974 966 2033 inactum
983 1991 1158 2052 suumpro

196 2087 290 2142 statu
314 2080 389 2141 isto.
416 2079 496 2141 Dico
530 2080 622 2161 quod
646 2078 730 2142 nulli
757 2088 887 2142 naturae
909 2079 1011 2141 debet
1038 2081 1156 2161 negari

196 2187 290 2267 quod
314 2196 366 2248 est
390 2188 424 2247 in
449 2206 490 2248 ea
512 2184 742 2266 perfectionis
768 2188 832 2248 nisi
858 2194 1021 2267 appareat
1051 2188 1086 2247 in
1118 2206 1160 2247 ea

196 2292 378 2359 manifesta
409 2295 603 2362 necessitas,
639 2294 721 2373 quia
754 2312 889 2373 semper
922 2290 1003 2353 iacit
1037 2303 1159 2354 natura

196 2401 289 2480 quod
313 2401 436 2461 melius
460 2411 521 2470 est,
546 2421 589 2460 ex
612 2419 641 2461 2.
665 2401 703 2459 de
721 2407 884 2478 generat.,·
908 2418 975 2461 non
992 2418 1076 2481 ergo
1093 2401 1160 2461 ista

196 2508 351 2586 potentie
374 2516 426 2567 est
450 2504 630 2586 superflua.
656 2506 782 2566 Etcum
798 2508 949 2584 arguitur
963 2506 1056 2586 quod
1067 2516 1159 2567 esset

196 2611 349 2693 ejusdem
373 2614 525 2682 rationis,
551 2633 637 2691 nego.
664 2649 704 2657 -
730 2612 783 2674 Tu
807 2612 901 2673 dicis:
926 2610 1053 2674 frustra
1064 2613 1160 2694 poni·

195 2729 262 2788 tur,
288 2721 368 2799 quia
393 2720 507 2781 nullus
531 2720 604 2799 ejus
629 2730 725 2781 actus
749 2728 862 2799 potest
878 2708 1006 2782 haberi.
1024 2720 1157 2780 Contra:

195 2844 287 2887 nunc
312 2826 476 2887 habemus
500 2834 640 2907 gustum
657 2836 692 2887 et
708 2826 794 2887 alios
810 2845 931 2888 sensus
947 2827 1159 2889 necessarios

193 2933 241 2993 ad
264 2931 505 3012 perfectionem
532 2943 661 2995 naturae
684 2934 851 3003 humanae,
887 2942 922 2993 et
955 2942 1069 2994 tamen
1101 2934 1158 2994 isti

196 3056 320 3101 sensus
343 3049 443 3101 erunt
466 3040 540 3101 sine
565 3049 642 3101 actu
667 3059 729 3100 suo
754 3042 787 3100 in
804 3038 1025 3109 beatitudine,
1044 3048 1158 3099 tamen

197 3164 265 3207 non
291 3157 370 3207 sunt
394 3144 533 3218 frustra;
559 3165 654 3227 ergo,
679 3156 741 3208 etc.

287 3358 349 3419 Au
380 3370 653 3419 ARGUMENTUM
681 3361 714 3418 in
748 3362 941 3419 contrarium
963 3359 1042 3421 dico
1066 3358 1158 3439 quod

196 3464 327 3525 habens
361 3466 565 3544 principium
605 3465 866 3535 transmutandi,
900 3475 1014 3545 potest
1052 3476 1161 3527 trans·

194 3580 329 3631 mutare
353 3581 517 3651 quantum
542 3580 595 3631 est
618 3590 663 3631 ex
680 3581 775 3651 parte
792 3572 866 3641 sui;
892 3572 951 3632 sed
968 3573 1076 3633 multa
1099 3573 1160 3631 im·
