2600 4200
375 217 563 288 Disrmcr.
589 217 606 286 1
631 217 783 305 QuAEsr.
809 218 842 286 V
1039 241 1075 288 τι

133 423 236 494 Licet
260 441 345 504 ergo
370 441 436 484 non
462 431 513 483 est
537 423 665 484 munda
687 422 857 484 munditia
872 441 950 503 quae
973 431 1026 484 est
1041 442 1102 504 per

133 532 297 612 gratiam,
323 540 414 591 esset
442 539 555 590 tamen
583 530 712 591 munda
745 529 912 591 munditia
943 549 1020 609 quae
1049 541 1102 592 est

133 656 201 718 per
223 636 461 698 rectitudinem
486 637 685 698 naturalem.

230 745 285 803 Ad
304 743 470 803 secundum
497 754 641 824 negetur
665 746 776 821 major,
804 746 886 824 quia
909 743 1018 824 culpae
1039 746 1102 806 ori·

135 849 248 932 ginali
277 869 345 910 non
381 851 492 912 solum
528 852 714 931 opponitur
747 852 868 931 gratia,
905 852 964 912 sed
999 853 1100 913 etiam

133 956 307 1019 rectitudo
332 956 498 1019 naturalis
514 959 709 1037 opponitur,
727 949 765 1019 ut
781 957 976 1019 assumebat
992 959 1102 1038 prima

134 1065 227 1125 ratio
251 1075 370 1124 contra
393 1065 598 1145 opinionem.
624 1061 670 1126 Et
694 1065 812 1126 eodem
845 1065 947 1126 modo
977 1065 1101 1127 dicitur

134 1173 184 1232 ad
204 1174 326 1231 tertiam
356 1171 398 1233 de
422 1170 497 1232 luce
522 1180 555 1232 et
579 1173 727 1233 tenebra„

231 1279 285 1337 Ad
305 1284 452 1356 quartum
479 1288 623 1359 negetur
649 1281 762 1346 minor,
792 1281 872 1358 quia
889 1279 1101 1340 deordinatio

99 1397 104 1403 ·
135 1405 208 1447 non
234 1384 344 1446 solum
369 1385 502 1446 tollitur
526 1403 584 1465 per
619 1386 776 1466 gratiam,
813 1385 873 1445 sed
908 1387 1009 1446 etiam
1041 1405 1102 1466 per

133 1492 377 1554 rectitudinem
402 1493 601 1555 naturalem.
867 1491 870 1495 ’
895 1503 899 1508 ’

229 1599 285 1658 Ad
304 1601 448 1676 quintum
473 1598 597 1659 dicitur
619 1599 712 1678 quod
736 1599 793 1660 ille
827 1600 881 1659 cui
917 1599 1101 1660 remittitur
1183 1638 1187 1643 -

133 1714 316 1787 peccatum
340 1705 585 1766 'reconciliatur
617 1703 692 1766 Deo
707 1696 720 1776 ;“
749 1706 810 1766 sed
844 1725 912 1766 non
948 1707 1102 1785 sequitur

134 1812 231 1893 quod
255 1812 300 1873 sit
332 1810 408 1872 Deo
443 1823 601 1892 acceptus
637 1811 696 1872 illa
730 1813 927 1892 acceptione
961 1812 1100 1892 speciali

135 1937 217 1999 quae
250 1930 302 1980 est
331 1938 391 1999 per
422 1921 579 2000 gratiam,
615 1921 746 1996 acceptio
780 1921 871 1981 enim
906 1919 985 2000 plus
1019 1919 1101 1981 dicit

134 2045 241 2107 quam
259 2027 466 2086 reconciliatio
479 2049 491 2094 ,·
514 2025 733 2088 reconciliare
750 2027 840 2087 enim
858 2036 994 2087 estnon
1012 2026 1101 2088 velle

135 2134 314 2195 vindicare
338 2130 513 2201 offensam,
539 2134 599 2195 sed
623 2144 799 2214 acceptare
831 2145 883 2195 est
918 2136 1026 2215 ipsam
1059 2134 1101 2195 ad

135 2242 246 2302 vitam
274 2252 439 2302 aeternam
463 2240 640 2311 ordinare;
667 2242 755 2302 sicut
779 2243 813 2301 in
837 2242 938 2301 nobis
949 2250 1100 2321 apparet,

135 2350 221 2429 quia
243 2366 427 2428 possumus
458 2348 596 2409 inimico
631 2344 794 2409 offensam
830 2349 1001 2409 remittere
1032 2368 1100 2410 non

136 2454 391 2517 reconciliando
415 2457 526 2535 ipsum
553 2454 594 2515 ad
608 2456 791 2516 amicitiam
810 2455 1002 2535 specialem,
1016 2456 1101 2516 ordi·

135 2562 252 2624 nando
277 2562 407 2623 scilicet
431 2580 508 2623 eum
533 2562 575 2623 ad
600 2561 738 2641 aliquod
763 2561 909 2641 speciale
933 2562 1069 2623 bonum.

229 2758 291 2821 De
314 2758 492 2821 secundo
516 2756 709 2821 Artimtlo
733 2768 785 2819 est
809 2758 994 2820 videndum
1012 2761 1039 2819 si
1058 2759 1100 2819 de

134 2866 293 2946 potentia
315 2864 379 2927 Dei
406 2865 562 2927 ordinata
584 2864 681 2926 Deus
704 2874 817 2946 potest
840 2866 1011 2927 dimittere
1034 2867 1101 2928 cul-

134 2990 217 3054 pam
243 2991 310 3033 non
335 2968 546 3035 infundendo
577 2974 734 3053 gratiam.
771 2970 816 3033 Et
850 2973 974 3034 dicitur
1009 2974 1099 3053 quod

134 3099 218 3149 non,
243 3082 324 3160 quia
347 3079 533 3141 secundum
562 3079 800 3161 leges‘divinae
817 3082 1004 3159 sapientiae,
1021 3091 1100 3160 post

134 3196 293 3247 naturam
318 3186 448 3267 lapsam
476 3204 543 3247 non
568 3196 620 3248 est
644 3187 725 3248 dare
760 3186 909 3248 medium
946 3188 1034 3248 inter
1065 3186 1101 3247 fi-

134 3293 222 3355 lium
246 3294 343 3375 regni
368 3302 403 3354 et
427 3290 534 3355 filium
560 3294 782 3374 perditionis;
809 3294 868 3354 sed
892 3292 984 3353 filius
1000 3296 1098 3373 regni

132 3412 190 3462 est
214 3418 275 3480 per
309 3402 466 3482 gratiam,
490 3402 689 3463 secundum
726 3401 975 3482 Augustinum
1008 3398 1099 3461 filius

133 3518 252 3569 autem
277 3508 478 3588 perditionis
502 3518 553 3569 est
577 3528 637 3589 per
661 3518 859 3589 peccatum;
885 3526 969 3589 crgo
997 3509 1024 3567 si
1052 3527 1100 3568 re·

131 3614 286 3677 mittitur
308 3614 418 3697 culpa,
445 3614 545 3677 datur
568 3617 689 3697 gratia.
