2600 4200
192 201 250 258 126
418 197 492 258 ΜΒ.
519 195 569 258 IV
596 190 902 259 Saxiasrmnnn

165 374 264 435 sibile
289 373 382 435 aliud
406 394 425 434 a
449 373 524 435 Deo
548 393 624 434 esse
648 375 784 455 ubique.
811 373 880 436 Sed
906 394 972 445 non
1002 385 1055 438 est
1078 379 1127 437 in·
1194 407 1199 416 ·

164 483 373 542 conveniens
398 480 527 560 aliquid
551 480 644 542 aliud
668 501 689 542 a
711 480 798 552 Deo,
822 501 890 543 non
926 501 986 562 per
1009 492 1127 562 poten-

164 590 247 648 tiam
271 597 418 648 creatam
450 588 511 648 sed
545 606 605 667 per
639 589 827 668 potentiam
862 589 1014 651 divinam
1049 609 1126 651 esse

166 695 313 774 ubique;
338 711 400 755 nec
423 713 485 773 per
508 693 573 754 hoc
597 695 722 755 dicitur
745 714 822 759 esse¹
844 697 982 776 proprie
998 695 1126 775 ubique

166 803 254 861 sicut
277 800 382 870 Deus,
408 802 489 880 quia
512 800 608 862 Deus
632 813 684 862 est
708 820 768 881 per
804 804 991 882 potentiam
1027 822 1125 879 suam

165 908 302 986 ubique,
320 907 412 968 istud
430 917 542 968 autem
560 926 638 975 non,
656 909 737 987 quia
753 928 821 969 non
838 920 892 968 est
908 911 1124 970 immensum.

256 1015 311 1074 Ad
330 1015 422 1073 aliud
441 1024 554 1074 autem
579 1025 725 1095 negetur
741 1017 853 1075 minor.
867 1012 1143 1096 Propositiones¹

166 1120 347 1182 solvuntur
370 1140 431 1201 per
454 1131 524 1181 tres
540 1123 793 1200 propositiones
809 1123 967 1201 superius
983 1125 1123 1202 positas.

166 1225 252 1288 Esto
276 1229 366 1288 enim
391 1227 483 1306 quod
506 1227 585 1288 huic
621 1229 754 1307 corpori
789 1230 951 1290 existenti
987 1231 1021 1290 in
1057 1249 1126 1290 uno

166 1333 242 1394 loco
259 1336 518 1414 approximetur
535 1335 637 1416 ignis,
655 1345 689 1396 et
705 1335 815 1405 eidem
832 1336 929 1416 ligno
946 1337 981 1396 in
998 1337 1066 1397 alio
1081 1338 1126 1417 (1)

167 1441 242 1501 loco
277 1460 374 1520 aqua,
410 1442 486 1501 dico
521 1442 612 1521 quod
649 1443 742 1522 ignis
777 1451 811 1503 et
847 1461 937 1522 aqua
964 1453 1021 1503 aut
1045 1452 1127 1504 sunt

165 1547 309 1627 aequalis
333 1548 470 1608 virtutis
495 1549 529 1609 in
555 1549 690 1629 agendo
714 1549 905 1609 autunum
941 1551 1047 1610 vincit
1081 1550 1127 1610 al·

166 1664 286 1714 terum.
313 1651 349 1714 Si
375 1664 488 1714 autem
513 1665 593 1715 sunt
620 1655 764 1733 aequalis
788 1656 936 1724 virtutis,
953 1668 987 1717 et
1011 1668 1128 1717 essent

167 1761 407 1839 approximate
441 1763 496 1821 isti
521 1763 655 1840 corpori
691 1761 828 1822 habenti
858 1783 955 1821 rmum
980 1763 1040 1829 ubi,
1069 1763 1126 1822 vel

168 1876 350 1946 utrumque
374 1868 552 1946 impediret
580 1867 723 1928 altorum
759 1869 807 1927 ita
840 1868 932 1948 quod
967 1879 1126 1929 neutrum

168 1983 296 2054 ageret,
321 1973 376 2033 vel
394 1985 536 2054 agerent
557 1975 599 2034 ad
616 1974 783 2053 quendam
803 1973 959 2035 effectum
976 1976 1126 2035 medium

169 2082 203 2141 in
228 2099 296 2159 quo
320 2099 459 2160 passum
485 2099 546 2141 nec
562 2079 711 2160 perfecte
728 2081 973 2143 assimilaretur
989 2083 1046 2143 uni
1065 2102 1127 2144 nec

169 2187 275 2248 alteri.
302 2186 431 2247 Eodem
456 2188 557 2247 modo
582 2188 658 2248 dico
683 2190 710 2248 si
736 2189 802 2248 ista
836 2191 976 2270 agentia
1009 2209 1130 2269 appro-

169 2294 342 2354 ximentur
366 2294 474 2353 eidem
500 2296 633 2374 corpori
658 2297 828 2355 existente
845 2298 880 2356 in
896 2296 1029 2355 diversis
1044 2298 1126 2355 locis.

169 2398 207 2461 Si
232 2410 344 2460 autem
369 2401 480 2460 virtus
504 2401 644 2461 alterius
672 2402 797 2470 vincat,
833 2403 910 2463 dico
945 2401 1001 2462 vel
1035 2402 1127 2482 quod

170 2506 370 2586 simpliciter
394 2508 559 2567 assimilat
584 2508 648 2567 sibi
666 2528 805 2587 passum
823 2509 878 2570 vel
895 2510 1008 2589 magis
1024 2527 1127 2588 quam

169 2614 322 2673 aiterum.
350 2650 390 2656 —
409 2614 459 2673 De
472 2614 567 2690 same
583 2625 696 2675 autem
714 2625 748 2675 et
763 2618 926 2674 satrcrr'tale
941 2616 1018 2675 dico
1036 2615 1129 2694 quod

169 2718 277 2780 fames
301 2731 352 2780 est
376 2722 548 2799 appetitus
583 2720 683 2781 calidi
720 2732 753 2781 et
788 2723 879 2782 sicci.
916 2721 980 2783 Ille
1014 2732 1127 2782 autem

170 2828 343 2907 appetitus
373 2835 425 2887 est
460 2828 625 2887 naturalis
652 2829 708 2888 vel
732 2828 956 2897 voluntarius,
982 2837 1016 2889 et
1040 2838 1130 2889 utro·

170 2952 236 3012 que
260 2934 361 2993 modo
385 2934 467 2993 dicit
491 2935 573 3013 quid
598 2935 813 3006 absolutum;
850 2954 933 3015 orgo
970 2954 1037 2995 non
1073 2954 1144 3021 va-⁴

170 3042 276 3100 riatur
300 3040 342 3099 ad
360 3040 582 3101 variationem
600 3040 661 3108 ubi,
682 3060 727 3101 ex
750 3042 860 3121 prima
882 3043 1128 3122 propositione,

170 3156 204 3206 et
227 3165 288 3225 per
311 3166 524 3225 consequens
559 3148 586 3206 si
617 3146 672 3208 hic
715 3148 907 3208 comederet
940 3148 1020 3208 alibi
1059 3166 1128 3207 non

250 3392 280 3443 U)
296 3394 356 3432 Scot
373 3390 458 3431 r.1ner
484 3392 552 3445 10.‹p
569 3393 627 3432 2.1r
647 3393 671 3432 15
696 3393 783 3434 habet:
799 3408 810 3428 «
827 3393 882 3433 Esto
898 3392 1022 3446 qnodinnc
1037 3392 1127 3445 corpod

171 3462 1131 3516 inmommnfflmmmmmrmmrnfflmgmfflmssmm‚minwmmwm

171 3532 1131 3588 fflfflwwssfflmmfflnmmmmmmmwfflmmfflmwmm

77 3606 86 3627 ⁸
171 3604 528 3645 mmmmffimwfflm»
