2600 4200
322 240 512 304 D1sr1ucr.
537 241 589 305 IV
615 241 767 324 Quffisr.
794 242 847 304 ΙΙΙ
1015 247 1053 304 61

128 437 201 482 mus
236 418 421 500 deponeret
458 418 641 490 fictionem,
682 430 775 482 esset
808 420 1082 501 rebaptizandus,

127 525 293 606 quianon
317 528 445 607 recepit
468 535 733 599 sacramentum
758 527 820 589 sed
842 525 943 589 fictus
966 547 1085 590 secun·

126 631 168 694 do
190 632 300 702 modo,
325 633 354 694 si
378 633 564 714 deponeret
585 632 759 697 fictionem
777 652 846 695 non
862 643 953 695 esset
964 634 1084 715 rebap-

126 738 286 810 tuendus,
310 741 392 820 quia
414 739 494 802 talis
518 740 597 801 licet
621 759 691 801 non
703 736 861 802 habuerit
877 759 949 801 rem
966 737 1084 802 Sacra·

125 847 236 917 menti,
261 845 364 908 habet
387 855 501 908 tamen
526 844 797 909 Sacramentum.

213 1058 401 1142 Qiturtrrs
424 1056 645 1122 Articulum
668 1067 721 1120 est
744 1058 788 1120 de
811 1058 929 1121 adulto
946 1079 1014 1121 non
1029 1079 1083 1122 co

123 1173 308 1248 gnoscente
331 1165 387 1226 vel
412 1184 479 1227 non
512 1164 748 1248 distinguente
783 1168 811 1226 si
847 1164 927 1227 talis
962 1168 1083 1247 recipit

123 1269 336 1354 Baptismum
361 1270 418 1333 vel
441 1273 515 1352 ejus
537 1269 706 1334 effectum.
743 1271 790 1334 Et
812 1281 867 1333 est
904 1272 1081 1334 sciendum

122 1378 210 1458 quod
233 1378 315 1440 talis
338 1397 406 1440 non
431 1378 650 1460 distinguens
674 1358 728 1441 est
751 1377 809 1440 ille
833 1379 891 1460 qui
919 1399 987 1441 non
1020 1381 1084 1441 uti·

121 1491 174 1548 tur
195 1487 416 1548 ratione-nec
440 1487 489 1547 uti
513 1495 637 1570 potest,
662 1496 697 1547 et
726 1486 791 1547 hoc
821 1488 994 1568 contingit
1023 1486 1083 1548 du·
1143 1549 1146 1556 ,

120 1590 264 1672 pliciter,
288 1591 370 1672 quia
393 1591 450 1653 vel
472 1592 532 1653 ille
555 1611 731 1673 nunquam
755 1611 839 1654 usus
862 1603 916 1654 est
949 1593 1082 1654 ratione

121 1715 180 1760 nec
203 1701 254 1762 uti
280 1709 403 1779 potest,
428 1701 517 1760 sicut
540 1697 692 1760 furiosus
715 1709 749 1761 et
772 1697 888 1760 fatuus
911 1719 932 1760 a
962 1701 1084 1761 nativi·

120 1814 201 1878 tate;
226 1806 285 1868 vel
310 1805 494 1885 aliquando
518 1806 626 1868 utitur
648 1808 781 1868 ratione
805 1807 894 1867 sicut
910 1804 1031 1868 furiosi
1047 1816 1082 1868 et

119 1909 200 1974 fatui
225 1911 394 1976 habentes
417 1912 532 1973 lucida
555 1913 746 1975 intervalla.

205 2019 269 2084 Ad
291 2019 517 2099 propositum,
541 2018 584 2082 de
601 2021 721 2097 primis
744 2018 833 2080 idem
850 2027 903 2080 est
915 2019 1083 2100 judicium

118 2126 210 2191 sicut
228 2127 275 2188 de
298 2127 423 2206 pueris,
448 2128 599 2189 maxime
623 2128 651 2188 si
677 2126 860 2188 decorum
892 2144 975 2187 cura
1005 2128 1084 2188 sim·

117 2234 251 2313 pliciter
277 2233 497 2317 desperatur..
514 2232 567 2294 De
591 2234 734 2293 secundis
757 2242 870 2295 autem
896 2233 1030 2303 dicitur,
1047 2243 1082 2294 et

116 2338 211 2410 bene,
237 2339 333 2420 quod
357 2340 423 2400 nisi
447 2339 636 2419 periculum
662 2341 783 2401 mortis
806 2341 992 2409 immineat,
1024 2359 1083 2401 ex-

116 2447 324 2526 pectandum
348 2456 401 2507 est
425 2446 533 2507 donec
557 2446 705 2508 habeant
729 2466 828 2509 usum
853 2456 888 2508 et
914 2447 1081 2526 judicium

115 2556 272 2621 rationis,
297 2562 331 2615 et
355 2554 405 2615 sic
428 2561 590 2633 poterunt
612 2553 778 2633 baptizari
793 2572 963 2615 consensu
980 2554 1081 2614 inter-

115 2664 289 2729 veniente,
314 2670 349 2721 et
374 2660 540 2741 recipient
574 2669 824 2722 sacramentum
861 2669 894 2720 et
928 2679 999 2721 rem
1032 2680 1083 2721 sa-

115 2769 295 2831 crementi.

203 2980 271 3043 AD
310 2992 584 3067 succursurum
627 2992 858 3040 Pammenes
899 2979 1081 3041 dicendum

112 3089 206 3169 quod
230 3088 336 3149 radix
369 3096 486 3148 sancta
513 3096 547 3147 et
580 3088 666 3147 rami
701 3089 820 3155 sancti,
856 3085 1083 3167 intelligenda

112 3206 164 3257 est
187 3194 378 3273 aptiludine,
407 3192 467 3255 sed
492 3212 560 3253 non
583 3199 664 3259 actu,
703 3194 792 3253 sicut
826 3195 924 3273 ponit
959 3192 1082 3273 Augu·

111 3305 226 3365 stinus
252 3310 289 3361 et
314 3298 452 3361 adducit
475 3318 552 3360 eum
577 3298 748 3381 Magister
772 3300 841 3359 Lib.
866 3318 895 3359 2.
913 3299 955 3359 de
972 3317 1081 3379 grano

111 3409 243 3471 mundo
257 3408 429 3468 seminato
445 3406 537 3486 quod
554 3405 777 3468 nihilominus
794 3415 936 3487 generat
953 3404 1079 3485 paleas.
