2600 4200
311 207 501 270 Drsrrxcr.
527 208 668 270 XLVII
692 207 844 289 Quffisr.
866 210 917 270 ΙΙΙ
1017 215 1079 290 383

141 405 280 448 movere
304 387 424 458 orbes;
449 387 510 448 sed
532 386 611 448 finis
645 407 762 449 eorum
797 389 957 468 proprius
991 397 1044 450 est
1068 391 1102 450 in

142 493 376 572 speculatione
399 495 565 562 veritatis,
590 502 629 554 ut
651 503 746 574 patet
769 513 817 554 12.
843 495 981 572 Metapa.
995 494 1102 556 Istam

142 610 256 661 autem
280 600 485 662 solutionem
509 599 639 661 Doctor
671 620 738 662 non
773 601 950 682 approbat,
976 602 1036 663 sed
1060 603 1103 664 ad

140 725 296 786 praesens
318 705 473 768 sufficiat.
500 743 541 751 -
567 705 735 769 Similiter
767 709 899 768 secunda
928 711 1009 768 ratio
1033 728 1101 770 non

141 813 323 883 concludit,
348 815 430 893 quia
463 823 598 894 oportet
622 833 749 895 negare
773 815 875 875 istam
899 815 1102 898 propositio-

141 937 219 979 nem
243 921 405 1000 majorem
429 921 464 981 in
491 929 616 1002 agente
650 919 855 990 voluntario
881 922 962 1001 quia
985 921 1103 983 volun-

141 1034 212 1086 tate
256 1028 397 1107 antiqua
434 1037 468 1088 et
506 1027 710 1088 immutabili
750 1037 863 1108 potest
902 1025 1104 1089 difformiter

140 1151 245 1214 agere
269 1134 303 1193 in
327 1153 467 1215 passum
494 1134 673 1214 antiquum
708 1146 743 1194 et
776 1153 852 1195 esse
887 1135 1099 1197 immutabile

141 1239 176 1298 in
200 1258 247 1299 se.
272 1238 319 1300 Et
341 1249 422 1301 tunc
446 1240 490 1300 ad
519 1240 755 1320 probationem
780 1243 919 1318 majoris,
947 1252 1103 1302 extrema

142 1344 235 1406 illius
257 1345 468 1407 habitudinis
492 1365 560 1407 non
577 1356 677 1406 erunt
694 1346 851 1408 absoluta
863 1355 985 1407 natura
1000 1365 1102 1428 agen-

141 1452 187 1512 tis
210 1461 244 1513 et
267 1453 360 1532 passi
384 1471 464 1533 quae
494 1461 575 1514 sunt
609 1449 801 1520 uniformia,
829 1452 891 1513 sed
925 1471 1033 1534 agens
1068 1462 1103 1514 et

140 1577 281 1638 passum
293 1559 420 1621 habent
431 1557 573 1620 formam
587 1577 711 1620 novam
725 1568 897 1620 causatam
911 1559 953 1620 ab
966 1569 1100 1640 agenta

140 1665 202 1726 sed
225 1665 310 1726 illud
340 1663 598 1727 fundamentum
630 1674 684 1726 est
715 1684 852 1734 novum,
878 1665 954 1726 ideo
981 1663 1101 1727 fundat

115 1790 265 1857 novam
289 1771 523 1833 habitudinem
548 1771 591 1832 ad
614 1790 732 1852 agene
758 1807 800 1815 -
825 1769 992 1834 Similiter
1007 1775 1100 1832 tertia

140 1881 221 1938 ratio
245 1899 312 1940 non
335 1879 518 1940 concludit.
544 1877 631 1939 Dico
658 1879 748 1939 enim
773 1878 866 1958 quod
888 1878 1019 1958 aliquid
1045 1898 1102 1958 po

140 1993 209 2047 test
231 1987 433 2067 contingere
456 1986 499 2047 ad
522 1985 724 2046 utrumlibet
749 1985 797 2046 ita
820 1985 912 2065 quod
947 2005 1014 2046 non
1049 1994 1102 2046 est

139 2094 368 2175 repugnantia
391 2114 436 2155 ex
459 2102 556 2173 parte
587 2093 696 2175 ipsius
730 2092 820 2162 coeli,
856 2093 937 2173 quia
971 2103 1023 2155 est
1058 2092 1100 2155 de

139 2220 177 2261 se
202 2202 235 2261 in
259 2202 414 2281 potentia
436 2201 726 2270 contradictionis,
751 2209 784 2261 et
819 2200 1024 2281 completive
1047 2209 1101 2262 est

139 2309 377 2389 contingentia
399 2307 443 2367 ad
466 2307 666 2369 utrumlibet
689 2327 733 2367 ex
765 2316 861 2387 parte
895 2326 1009 2368 causae
1045 2327 1102 2367 vo-

138 2414 285 2476 luntarie
316 2415 487 2476 moventis
521 2416 570 2474 sic
605 2414 698 2494 quod
732 2414 804 2493 ejus
839 2414 1003 2475 voluntas
1038 2433 1100 2475 nec

139 2524 332 2582 necessario
348 2521 593 2581 determinatur
609 2520 652 2580 ad
669 2520 875 2581 movendum
893 2538 954 2581 nec
971 2520 1014 2580 ad
1031 2540 1099 2581 non

139 2627 356 2689 movendum.

229 2840 293 2903 De
312 2844 466 2919 pirario
481 2839 675 2902 Articulo
695 2838 771 2899 dico
785 2838 877 2918 quod
889 2849 1003 2900 motus
1019 2838 1097 2899 coeli

140 2965 202 3007 nec
225 2956 278 3008 est
302 2947 468 3007 naturalis
492 2965 554 3007 nec
578 2945 760 3013 violentus,
775 2954 812 3005 ut
828 2954 922 3025 patet
938 2964 999 3024 per
1015 2944 1100 3005 Avi-

139 3071 282 3113 cennam
307 3072 335 3128 9.
361 3053 499 3130 Memph.
524 3061 559 3114 et
581 3071 643 3131 per
665 3052 832 3113 rationem
855 3050 937 3130 ejuS.
956 3050 1034 3112 Non
1047 3061 1100 3113 est

139 3158 276 3238 quidem
302 3160 476 3229 naturalia
500 3169 539 3220 ut
562 3160 635 3240 ipse
652 3158 783 3238 probat,
800 3159 881 3238 quia
898 3160 1009 3219 omnis
1032 3177 1101 3218 rno-

139 3275 197 3326 tus
220 3266 385 3327 naturalis
408 3275 462 3328 est
484 3266 528 3327 ad
551 3267 701 3346 quietem
726 3265 934 3335 naturalem;
959 3283 1043 3346 ergo
1067 3266 1096 3325 si

139 3381 254 3433 motus
277 3371 356 3433 coeli
380 3381 433 3433 est
457 3372 631 3441 naturalis,
656 3372 721 3433 erit
744 3371 787 3432 ad
821 3372 970 3451 quietem
1006 3380 1100 3432 natu-

139 3479 255 3548 ralem,
280 3479 372 3558 quod
395 3488 489 3559 patet
512 3477 645 3540 falsum.
672 3476 750 3539 Non
774 3488 827 3538 est
850 3480 952 3539 etiam
973 3478 1100 3539 violen-

139 3594 206 3655 tuS,
230 3587 312 3665 quia
334 3595 402 3646 tam
428 3585 533 3666 longo
557 3594 710 3664 tempore
735 3604 803 3645 non
827 3594 993 3646 movetur.
