2600 4200
330 236 520 299 Drsrrucr.
547 235 677 298 XXIV
703 235 854 316 Quffisr.
879 236 913 297 ΙΙ
1029 240 1086 298 261

241 468 306 531 De
329 468 478 547 quinto
503 467 696 531 Articulo
720 467 851 529 scilicet
868 469 1053 547 principali,
1082 470 1112 529 si

151 593 267 654 poenae
302 575 479 654 praedictae
514 574 702 655 impediant
736 576 988 654 susceptionem
1018 572 1117 637 Ordi-

152 700 249 752 num;
273 682 340 740 dico
363 680 456 759 quod
479 681 522 741 de
545 683 684 759 quinque
701 684 804 758 poem's
831 682 950 740 ultimis
984 692 1114 741 certum

152 789 321 868 estquod
344 807 412 848 non
436 787 619 868 prohibent
642 808 664 847 a
686 786 868 848 collatione
900 787 956 848 vel
980 806 1117 867 suscep-

153 895 246 956 tione
269 893 437 956 Ordinum
462 893 505 954 de
528 892 629 963 facto
654 903 693 955 ut
720 894 865 955 habetur
886 914 913 953 J.
943 895 1059 969 Quoesi.
1084 914 1113 955 r.

151 1021 175 1061 c.
205 1001 299 1076 Quod
318 1001 456 1079 quidam.
482 999 528 1061 Et
551 1011 604 1061 est
627 1003 725 1071 ratio,
751 1002 832 1081 quia
855 1002 1020 1062 cumillis
1043 1020 1115 1081 poe·

153 1109 207 1168 nis
230 1116 344 1187 potest
367 1118 458 1168 stare
481 1109 569 1168 ratio
592 1108 740 1168 ministri
769 1118 809 1174 et.
837 1090 1057 1187 suscipientis
1080 1116 1115 1168 et

153 1214 221 1275 alia
244 1215 437 1275 necessaria
459 1214 539 1275 hinc
563 1213 651 1275 inde.
677 1214 731 1275 De
751 1215 827 1294 jure
851 1222 965 1275 autern
1001 1215 1116 1294 prohi-

152 1320 276 1382 bentur
299 1322 348 1381 ita
370 1320 462 1401 quod
501 1320 620 1382 illicite
659 1330 846 1382 attentetur
883 1322 1114 1382 contrarium:

152 1436 267 1488 tamen
291 1429 320 1488 si
352 1437 539 1489 attentatur
572 1430 780 1489 contrarium
815 1428 916 1509 hujus
949 1426 988 1488 fit
1022 1428 1115 1507 quod

153 1535 349 1597 intenditur.
375 1534 429 1595 De
445 1537 557 1611 prim
581 1544 694 1595 autem
712 1542 807 1611 prena
842 1536 931 1596 sicut
970 1544 1022 1595 est
1061 1534 1116 1594 de-

153 1641 310 1722 gradatio
337 1650 389 1702 est
423 1640 575 1710 dubium,
610 1644 639 1702 si
675 1640 869 1721 Episcopus
904 1640 1116 1722 degradatus

153 1746 302 1810 Ordines
324 1749 367 1810 de
390 1745 481 1809 facto
505 1746 684 1818 conferret,
710 1748 802 1827 quod
828 1748 970 1810 dubium
1005 1766 1116 1827 usque

153 1856 239 1917 alias
262 1852 446 1916 differatur
878 1836 880 1839 ¹

242 1962 299 2022 Ad
317 1968 540 2040 argumentum
564 1964 598 2020 in
621 1963 814 2021 contrarium
839 1969 934 2042 patet
968 1980 1012 2022 ex
1047 1961 1116 2022 dic-

153 2070 209 2140 tis,
234 2078 297 2131 ete.

553 2579 714 2794 utu
