2600 4200
324 224 512 287 D1snncr.
539 224 669 287 XXIV
698 223 849 305 Quasi.
875 224 927 285 ΙΙΙ
982 308 985 316 Ι
1020 244 1078 302 271

145 408 241 488 gatio
265 405 534 477 indissolubilis;
559 415 755 466 contractus
771 413 884 465 autem
897 403 1105 465 matrimonii

144 523 198 575 est
222 534 242 574 a
264 513 341 575 Deo
368 514 546 574 institutus
581 520 660 573 ante
694 511 839 591 lapsum,
870 512 947 572 Gen.
972 529 1002 571 2.
1028 528 1105 571 curn

144 622 370 681 dictumest:
395 620 574 681 hocnunc
605 638 645 679 os
679 638 724 679 ex
759 618 895 678 ossibus
929 619 1035 689 meis;
1072 626 1107 678 et

145 736 225 807 post
240 728 385 807 lapsum,
407 727 486 787 Gen.
499 745 552 801 3.,·
569 724 805 805 multiplicabo
822 743 994 785 aerumnas
1018 733 1104 786 tuas.

145 831 215 896 Sed
238 842 405 913 quantum
429 834 472 893 ad
496 832 742 913 obligationem
761 829 1034 892 indissolubilem
1058 831 1107 891 in-

145 941 259 1008 stituit
291 939 388 1001 Deus
421 939 676 1000 matrimonium
711 957 789 999 cum
828 939 895 999 ait:
936 937 1107 1017 relinquet

145 1047 249 1108 homo
283 1057 414 1127 patrem
449 1056 483 1107 et
521 1056 664 1106 matrem
704 1056 738 1106 et
777 1044 966 1106 adhaerebit
1004 1045 1104 1105 uxori

145 1172 233 1225 suae;
266 1154 464 1221 adhaerebit,
497 1154 647 1233 inquam,
681 1172 748 1213 non
780 1160 1027 1221 momentanee,
1046 1151 1106 1212 sed

145 1280 289 1340 semper.

234 1472 299 1535 De
327 1473 454 1537 tertia
486 1471 767 1545 Oorwlrealone,
802 1472 933 1533 scilicet
970 1472 1109 1549 qualiter

126 1577 211 1641 =-fuit
234 1581 439 1650 institutum,
464 1582 493 1641 si
517 1579 591 1659 ejus
615 1580 785 1640 institutio
810 1576 874 1639 fuit
909 1578 1105 1659 praeceptio.

145 1687 236 1753 Dico,
264 1688 354 1748 sicut
377 1685 571 1747 immediate
594 1687 811 1765 praemissum
847 1694 909 1753 est,
934 1684 1026 1765 quod
1050 1684 1109 1744 du-

145 1794 228 1874 plex
252 1803 305 1854 est
328 1795 534 1855 matrimonii
559 1794 740 1863 institutio;
766 1811 834 1853 una
858 1800 936 1853 ante
971 1791 1105 1871 lapsum

145 1901 182 1962 in
204 1901 350 1980 fferam,
379 1899 447 1961 alia
468 1909 549 1980 post
571 1900 705 1980 lapsum
730 1919 798 1960 non
822 1898 933 1959 solum
970 1899 1003 1959 in
1039 1894 1108 1957 offi-

146 2008 236 2069 cium
260 2009 446 2069 sedetiam
471 2009 506 2068 in
530 2007 728 2068 remedium.
754 2006 870 2067 Prima
904 2016 1017 2066 autern
1041 2006 1108 2065 ins·

145 2117 262 2176 titutio
300 2116 507 2176 matrimonii
542 2114 663 2175 habuit
696 2123 918 2195 praeceptum,
953 2123 988 2174 et
1022 2112 1107 2174 illud

146 2232 357 2302 praeceptum
381 2232 434 2282 est
457 2219 708 2291 affirmativum,
727 2223 816 2283 sicut
831 2221 914 2282 dicit
926 2219 1106 2302 Magister,

146 2339 181 2390 et
203 2328 268 2390 fuit
288 2330 375 2409 juris
399 2329 574 2390 naturalis.
597 2328 765 2390 Naturale
801 2338 914 2390 autem
935 2328 991 2408 jus
1016 2347 1107 2406 quae·

146 2436 224 2497 dam
249 2436 354 2497 dictat
378 2434 588 2516 simpliciter,
624 2445 663 2496 ut
697 2455 810 2496 amare
846 2434 979 2506 Deum;
1016 2453 1108 2514 quae-

146 2543 224 2604 dam
249 2553 362 2604 autem
386 2543 492 2604 dictat
516 2543 558 2603 ad
581 2553 728 2622 tempus
754 2543 842 2603 sicut
865 2542 957 2622 quod
993 2543 1109 2602 omnia

146 2659 227 2712 sunt
251 2651 464 2720 communia;
490 2660 523 2709 et
547 2651 614 2710 isto
654 2650 755 2710 modo
790 2650 961 2710 institutio
995 2649 1109 2709 matri-

145 2758 252 2818 monii
287 2757 351 2817 sub
386 2766 560 2836 praecepto
594 2755 669 2825 fuit,
705 2759 786 2836 quia
820 2756 982 2837 quamdiu
1006 2757 1106 2836 pauci

125 2873 252 2933 serant,
288 2864 438 2925 dictabat
457 2864 515 2943 jus
539 2863 694 2924 naturale
718 2863 809 2943 quod
847 2861 1108 2942 multiplicanda

146 2980 238 3033 esset
253 2972 385 3051 species
401 2970 551 3031 humana
567 2971 609 3031 ad
625 2969 754 3032 cultum
772 2969 847 3030 Dei.
867 2967 936 3030 Sed
952 2978 1109 3030 cessante

146 3076 206 3138 illo
230 3086 322 3139 statu
346 3079 495 3138 cessavit
522 3086 744 3157 praeceptum
777 3087 811 3137 et
846 3077 923 3137 ideo
958 3077 1108 3138 secunda

146 3185 317 3246 institutio
341 3193 494 3264 tempore
518 3185 607 3265 legis
631 3185 754 3265 gratiae
785 3183 906 3244 habuit
929 3183 1109 3264 indulgen-

146 3294 240 3362 tiam,
266 3312 332 3353 non
357 3301 578 3372 praeceptum.

235 3505 298 3565 An
328 3517 602 3566 ARGUMENTUM
625 3506 660 3562 in
682 3506 875 3563 contrarium
907 3503 984 3564 dico
1019 3505 1109 3565 sicut

146 3610 317 3693 Magister
332 3611 431 3681 dixit,
448 3611 541 3692 quod
564 3610 679 3672 Adam
697 3629 717 3670 a
732 3609 808 3671 Deo
825 3610 1017 3671 illustratus
1034 3629 1109 3690 pro·
