2600 4200
419 795 736 959 Distinctio
778 794 912 900 XX.

485 1064 713 1144 Sciendum
750 1072 872 1143 est...

291 1270 382 1331 Circa
413 1272 497 1330 Dist.
522 1290 562 1330 20
586 1277 617 1330 et
645 1288 685 1331 21
715 1290 822 1348 quaro
855 1277 918 1330 tres
955 1271 1159 1345 Qaaestiones.

197 1376 329 1437 Primo:
361 1378 475 1437 Utrum
493 1379 677 1454 penitentia
702 1380 735 1436 in
759 1378 910 1436 extremis
933 1378 1036 1437 ualeat
1056 1378 1101 1437 ad
1114 1399 1162 1437 sa-

195 1484 301 1543 lntem.
327 1461 499 1545 Secundo:
532 1485 645 1544 Utrum
668 1490 738 1561 post
759 1484 839 1543 ltanc
860 1486 957 1543 vitam
976 1487 1078 1563 possit
1103 1486 1162 1545 ali·

195 1589 281 1666 quod
295 1597 455 1667 peccatam
489 1592 613 1651 dimitti.
639 1591 771 1652 Tertio:
804 1592 919 1653 Utrum
943 1612 998 1651 con
1016 1612 1102 1653 essor
1127 1597 1160 1651 in

196 1716 378 1775 quocunque
400 1718 473 1757 casu
498 1704 640 1757 teneatur
662 1700 762 1758 celare
779 1704 940 1776 peecatum
955 1698 1018 1758 sibi
1039 1700 1073 1758 in
1092 1720 1161 1758 con·

186 1803 332 1878 sessione
355 1804 512 1865 detectum.

557 2015 740 2095 Qumsno
765 2016 790 2077 Ι.

313 2161 368 2220 Aa
382 2163 524 2237 primam
551 2160 762 2234 Qna’stionem
785 2163 829 2220 sic
847 2161 1046 2237 proceditur:

837 2244 842 2266 f

290 2319 435 2381 Videtur
458 2321 550 2401 quod
584 2321 787 2400 poenitentia
822 2322 856 2381 in
891 2322 1055 2382 extremis
1091 2340 1160 2382 non

196 2426 311 2487 valeat
335 2428 377 2487 ad
401 2427 556 2495 salutem,
589 2429 670 2506 quia
695 2427 916 2508 Augustinus
951 2428 985 2488 in
1010 2428 1158 2507 quodam

196 2551 363 2602 sermone,
389 2545 426 2594 ut
450 2535 589 2613 ponitur
612 2536 645 2592 in
670 2535 771 2601 litero,
800 2533 945 2614 loquens
962 2535 1003 2594 de
1021 2535 1069 2595 sic
1087 2553 1161 2613 poe-

197 2641 348 2699 nitente:
384 2660 451 2701 non
492 2643 743 2719 praesumimuS,
784 2641 905 2720 inquit,
942 2641 1034 2722 quod
1071 2642 1160 2702 bene

196 2746 277 2806 hinc
302 2746 375 2807 exit
1060 2749 1074 2779 ³

292 2853 415 2913 Contra.
441 2853 664 2934 Augustinus
686 2855 857 2914 doverae!
869 2853 962 2930 salsa
974 2857 1158 2933 peonitentia

196 2959 290 3027 dicit,
314 2960 460 3020 multum
485 2958 550 3021 fuit
573 2980 649 3021 sera
682 2961 824 3022 latronis
858 2963 1071 3041 paenitentia,
1098 2961 1158 3022 sed

198 3086 267 3127 non
291 3064 355 3127 fuit
378 3086 455 3127 sera
478 3067 551 3147 ejus
575 3068 805 3148 indulgentia;
832 3069 940 3149 igitur
954 3069 1159 3149 poenitentia

197 3175 232 3234 in
258 3175 422 3234 extremis
446 3174 538 3234 valet
562 3175 605 3234 ad
629 3175 785 3235 salutem.
1111 3217 1127 3254 ,

287 3279 331 3340 IN
355 3294 439 3341 ISTA
452 3279 686 3360 QUAESTIONE
698 3300 789 3360 pono
802 3281 887 3342 duas
900 3280 1157 3343 Conclusiones.

197 3386 311 3447 Prima
336 3397 388 3449 est
411 3387 503 3466 quod
528 3388 737 3448 Poenitentia
761 3390 795 3449 in
819 3389 983 3449 extremis
1000 3387 1092 3448 ualet
1117 3389 1160 3448 ad

197 3494 356 3555 salutem.
382 3495 524 3554 Secunda
547 3504 600 3556 est
624 3496 716 3574 quod
751 3495 961 3556 Poenitentia
994 3513 1071 3555 raro
1107 3505 1160 3557 est

197 3610 303 3660 tantae
328 3597 539 3661 sufficientiae
563 3602 655 3680 quod
679 3599 825 3663 sufficiat
849 3602 892 3662 ad
917 3601 1071 3662 salutem.
