2600 4200
211 270 246 313 12
432 249 507 312 lna.
533 249 584 312 IV
610 247 916 312 santernam-n

277 449 397 524 Quarto
421 449 490 513 sic:
515 445 672 510 Ecclesia
695 449 728 509 in
752 447 899 528 quadam
923 446 1068 508 collecta
1090 467 1148 527 po

169 537 246 617 ¹tit:
270 553 447 637 perficiant
472 557 506 617 in
532 555 640 625 nobis
659 554 817 625 Domine,
835 563 895 616 tua
911 554 1144 622 Sacramenta,

184 663 482 743 quaecontinent3
507 662 660 724 sednon
692 662 868 724 continent
902 663 1050 744 gratiam
1081 659 1147 722 for-

184 769 337 842 maliter;
356 789 440 852 ergo
456 771 632 832 continent
648 788 723 832 eam
741 769 933 831 virtualiter
949 769 1005 830 vel
1022 768 1144 860 §altem

184 876 374 940 causaliter.

273 984 314 1044 Si
349 985 473 1044 dicatur
504 985 548 1044 ad
579 987 647 1051 isla
686 984 779 1064 quod
812 981 1035 1056 Sacramenta
1064 992 1146 1044 sunt·

184 1091 295 1154 solum
319 1110 423 1153 causa
446 1091 568 1174 gratiae
594 1093 668 1152 sine
691 1110 759 1171 qua
784 1110 872 1153 non:
911 1096 1027 1157 contra,
1064 1091 1146 1170 quia

184 1187 287 1260 causa
310 1199 385 1260 sine
408 1217 477 1278 qua
501 1217 579 1266 non,
605 1218 672 1259 non
697 1208 749 1260 est
772 1217 876 1261 causa
901 1199 966 1260 nisi
985 1217 1046 1277 per
1061 1199 1147 1258 acci-

185 1306 285 1376 dens;
304 1305 364 1367 sed
381 1303 602 1368 Sacramenta
619 1325 686 1366 non
699 1315 779 1368 sunt
795 1323 899 1367 causa
914 1323 975 1384 per
987 1304 1146 1366 accidens

185 1413 317 1496 gratiae,
343 1414 424 1495 quia
448 1422 532 1475 tunc·
553 1415 666 1495 gratia
689 1431 757 1474 non
773 1421 957 1493 poneretur
974 1414 1009 1473 in
1028 1409 1148 1472 defini-

185 1521 277 1584 tione
308 1517 530 1590 Sacramenti,
563 1519 655 1601 quod
689 1529 803 1580 tamen
838 1517 919 1580 facit
953 1504 1144 1600 Magistera

185 1645 269 1709 ergo
292 1634 344 1688 est
368 1643 471 1688 causa
495 1623 660 1689 effectiva

275 1733 315 1793 Si
334 1738 438 1794 erilem
461 1739 625 1811 queratur
647 1733 793 1812 qualiter
816 1729 1074 1794 Sacramentum
1091 1742 1146 1792 est

185 1858 288 1900 causa
305 1836 462 1902 effectiva
480 1841 602 1921 gratiae
619 1840 744 1902 dicitur
759 1839 852 1920 quod
871 1838 1008 1918 efficiens
1026 1838 1147 1900 distin·

186 1947 313 2028 guitur,
339 1946 420 2026 quia
443 1956 496 2008 est
515 1936 669 2008 'efficiens
692 1945 916 2024 dispositivum,
944 1955 980 2006 et
1002 1954 1055 2006 est
1077 1940 1147 2005 effi·

185 2055 279 2115 ciens
297 2052 512 2131 perfectivum.
538 2051 635 2122 Item,
660 2062 713 2116 est
736 2049 886 2115 efficiens
903 2053 1089 2131 principale,
1110 2061 1147 2113 et

185 2170 238 2222 est
261 2158 409 2222 efficiens
434 2163 677 2222 r‘nsIrurrrenlale.
703 2160 799 2229 Item,
825 2162 1064 2220 instrumentum
1088 2159 1147 2220 ha-

184 2266 242 2329 bet
265 2268 435 2349 duplicem
453 2270 630 2339 actionem,
648 2248 716 2330 una
731 2278 784 2330 est
799 2288 844 2330 ex
861 2276 982 2329 natura
995 2267 1145 2347 propria,

186 2374 252 2435 alia
276 2376 310 2436 in
345 2385 509 2455 quantum
545 2386 703 2437 movetur
738 2395 758 2436 a
793 2374 972 2456 prIncipali
1008 2384 1144 2455 agente.

186 2480 282 2551 Item,
308 2482 392 2544 illud
416 2483 508 2563 quod
525 2484 788 2544 instrumentum
806 2482 947 2563 attingit
964 2492 1001 2542 ut
1013 2490 1144 2541 motum

186 2609 206 2649 a
229 2590 407 2670 principali
433 2600 567 2671 agente,
593 2589 776 2669 aliquando
803 2598 856 2650 est
873 2590 1039 2649 terminus
1054 2587 1147 2668 prin·

186 2697 306 2776 cipalis
330 2698 475 2778 agentis,
494 2706 528 2758 et
544 2696 727 2776 aliquando
743 2707 796 2757 est
812 2695 993 2776 dispositio
1013 2696 1146 2776 praevia

187 2802 229 2865 ad
253 2804 348 2865 illum
374 2806 565 2865 terminum.
593 2840 632 2847 ——
659 2802 756 2864 Tunc
780 2804 823 2863 ad
839 2803 1052 2883 propositum
1064 2802 1147 2863 dici·

187 2922 261 2981 tur;
288 2930 375 2991 aqua
399 2931 459 2991 per
483 2930 578 2972 suam
604 2910 746 2971 formam
771 2910 865 2971 lavat
899 2928 1043 2989 corpus;
1084 2910 1146 2970 sel

187 3019 387 3097 inquantum
400 3028 452 3079 cst
466 3020 728 3079 instrumentum
741 3018 868 3078 divinae
890 3007 1146 3085 misericordiae,

187 3123 288 3185 habet
312 3122 467 3185 effectum
493 3124 698 3192 ulteriorem,
724 3143 791 3184 non
815 3132 980 3203 quantum
1004 3122 1046 3184 ad
1070 3142 1150 3205 gra·

187 3234 279 3302 tiam,
305 3234 386 3311 quia
409 3234 520 3313 gratia
544 3245 596 3292 est
619 3229 760 3292 effectus
782 3231 982 3311 principans
1008 3233 1149 3312 agentis

188 3339 316 3399 scilicet
341 3338 416 3407 Dei,
442 3339 501 3400 scd
525 3338 628 3399 habet
651 3335 807 3399 effectum
825 3338 869 3399 ad
884 3338 1149 3417 dispositionem

188 3448 362 3526 praeviam,
403 3456 486 3526 puta
525 3446 566 3505 ad
606 3446 812 3505 characterem
853 3447 887 3505 in
923 3442 1150 3507 Sacramento

189 3554 355 3631 Baptismi
381 3566 415 3615 et
439 3553 588 3620 Ordinis,
615 3552 669 3613 vel
694 3552 736 3613 ad
760 3557 904 3611 ornatum
926 3551 1049 3612 animae
1072 3572 1153 3632 pro-

188 3661 417 3737 portionatum
443 3660 638 3729 characteri,
664 3669 701 3719 ut
726 3661 759 3720 in
795 3659 871 3721 aliis
903 3658 1152 3723 Sacramentis
