<?xml version="1.0" encoding="UTF-8"?>
<!DOCTYPE html PUBLIC "-//W3C//DTD XHTML 1.0 Transitional//EN"
    "http://www.w3.org/TR/xhtml1/DTD/xhtml1-transitional.dtd">
<html xmlns="http://www.w3.org/1999/xhtml" xml:lang="en" lang="en">
 <head>
  <title>
</title>
<meta http-equiv="Content-Type" content="text/html;charset=utf-8" />
  <meta name='ocr-system' content='tesseract 3.04.00' />
  <meta name='ocr-capabilities' content='ocr_page ocr_carea ocr_par ocr_line ocrx_word'/>
</head>
<body>
  <div class='ocr_page' id='page_1' title='image "./commentariainli02scotgoog_0479.png"; bbox 0 0 2600 4200; ppageno 0'>
   <div class='ocr_carea' id='block_1_1' title="bbox 340 247 1066 330">
    <p class='ocr_par' dir='ltr' id='par_1_1' title="bbox 340 247 1066 330">
     <span class='ocr_line' id='line_1_1' title="bbox 340 247 1066 330; baseline 0 -19"><span class='ocrx_word' id='word_1_1' title='bbox 340 250 529 312; x_wconf 73' lang='lat' dir='ltr'>Drsrrncr.</span> <span class='ocrx_word' id='word_1_2' title='bbox 556 249 627 311; x_wconf 84' lang='lat' dir='ltr'>XV</span> <span class='ocrx_word' id='word_1_3' title='bbox 657 247 809 330; x_wconf 63' lang='lat' dir='ltr'>Qunam.</span> <span class='ocrx_word' id='word_1_4' title='bbox 835 249 869 311; x_wconf 87' lang='grc' dir='ltr'>ΙΙ</span> <span class='ocrx_word' id='word_1_5' title='bbox 1007 270 1066 311; x_wconf 89' lang='lat'>201</span> 
     </span>
    </p>
   </div>
   <div class='ocr_carea' id='block_1_2' title="bbox 127 428 1095 723">
    <p class='ocr_par' dir='ltr' id='par_1_2' title="bbox 127 428 1095 723">
     <span class='ocr_line' id='line_1_2' title="bbox 223 428 1095 509; baseline -0.001 -20"><span class='ocrx_word' id='word_1_6' title='bbox 223 429 336 489; x_wconf 81' lang='lat' dir='ltr'>ano</span> <span class='ocrx_word' id='word_1_7' title='bbox 365 428 527 489; x_wconf 83' lang='lat' dir='ltr'><em>Conclusio</em></span> <span class='ocrx_word' id='word_1_8' title='bbox 550 437 644 509; x_wconf 88' lang='lat' dir='ltr'>patet</span> <span class='ocrx_word' id='word_1_9' title='bbox 661 430 695 489; x_wconf 92' lang='lat' dir='ltr'>in</span> <span class='ocrx_word' id='word_1_10' title='bbox 713 428 870 489; x_wconf 81' lang='lat' dir='ltr'>Decretis</span> <span class='ocrx_word' id='word_1_11' title='bbox 893 430 964 489; x_wconf 73' lang='lat' dir='ltr'>dist.</span> <span class='ocrx_word' id='word_1_12' title='bbox 982 448 1010 489; x_wconf 84' lang='lat'>1.</span> <span class='ocrx_word' id='word_1_13' title='bbox 1024 450 1048 487; x_wconf 87' lang='lat' dir='ltr'>c.</span> <span class='ocrx_word' id='word_1_14' title='bbox 1066 448 1095 488; x_wconf 83' lang='lat'>1.</span> 
     </span>
     <span class='ocr_line' id='line_1_3' title="bbox 127 532 1095 615; baseline -0.002 -18"><span class='ocrx_word' id='word_1_15' title='bbox 127 535 212 615; x_wconf 88' lang='lat' dir='ltr'>Jure</span> <span class='ocrx_word' id='word_1_16' title='bbox 236 546 368 597; x_wconf 85' lang='lat' dir='ltr'>naturae</span> <span class='ocrx_word' id='word_1_17' title='bbox 391 536 507 596; x_wconf 89' lang='lat' dir='ltr'>omnia</span> <span class='ocrx_word' id='word_1_18' title='bbox 529 545 610 596; x_wconf 93' lang='lat' dir='ltr'>sunt</span> <span class='ocrx_word' id='word_1_19' title='bbox 644 536 848 597; x_wconf 88' lang='lat' dir='ltr'>communia.</span> <span class='ocrx_word' id='word_1_20' title='bbox 875 572 915 579; x_wconf 90' lang='lat'><em>-</em></span> <span class='ocrx_word' id='word_1_21' title='bbox 941 532 1027 596; x_wconf 86' lang='lat' dir='ltr'>Item</span> <span class='ocrx_word' id='word_1_22' title='bbox 1052 536 1095 596; x_wconf 88' lang='lat' dir='ltr'>ad</span> 
     </span>
     <span class='ocr_line' id='line_1_4' title="bbox 129 640 1094 723; baseline -0.001 -20"><span class='ocrx_word' id='word_1_23' title='bbox 129 642 197 703; x_wconf 90' lang='lat' dir='ltr'>hoc</span> <span class='ocrx_word' id='word_1_24' title='bbox 221 642 445 723; x_wconf 83' lang='lat' dir='ltr'><strong>Augustinus</strong></span> <span class='ocrx_word' id='word_1_25' title='bbox 467 647 563 719; x_wconf 80' lang='lat' dir='ltr'>super</span> <span class='ocrx_word' id='word_1_26' title='bbox 577 642 672 719; x_wconf 84' lang='lat' dir='ltr'>soon.</span> <span class='ocrx_word' id='word_1_27' title='bbox 698 651 736 702; x_wconf 88' lang='lat' dir='ltr'>ut</span> <span class='ocrx_word' id='word_1_28' title='bbox 755 650 850 721; x_wconf 86' lang='lat' dir='ltr'>patet</span> <span class='ocrx_word' id='word_1_29' title='bbox 874 640 1009 703; x_wconf 88' lang='lat' dir='ltr'>Decret.</span> <span class='ocrx_word' id='word_1_30' title='bbox 1034 642 1094 702; x_wconf 82' lang='lat' dir='ltr'>dis.</span> 
     </span>
    </p>
   </div>
   <div class='ocr_carea' id='block_1_3' title="bbox 130 746 1185 829">
    <p class='ocr_par' dir='ltr' id='par_1_3' title="bbox 130 746 1185 829">
     <span class='ocr_line' id='line_1_5' title="bbox 130 746 1185 829; baseline 0.001 -21"><span class='ocrx_word' id='word_1_31' title='bbox 130 764 161 826; x_wconf 93' lang='lat'>7.</span> <span class='ocrx_word' id='word_1_32' title='bbox 184 769 210 810; x_wconf 90' lang='lat' dir='ltr'>c.</span> <span class='ocrx_word' id='word_1_33' title='bbox 226 748 297 824; x_wconf 83' lang='lat' dir='ltr'>Quo</span> <span class='ocrx_word' id='word_1_34' title='bbox 304 751 408 826; x_wconf 79' lang='lat' dir='ltr'><em>jure:</em></span> <span class='ocrx_word' id='word_1_35' title='bbox 435 746 514 829; x_wconf 77' lang='lat' dir='ltr'>Quo</span> <span class='ocrx_word' id='word_1_36' title='bbox 533 750 609 829; x_wconf 89' lang='lat' dir='ltr'>jure</span> <span class='ocrx_word' id='word_1_37' title='bbox 626 746 781 809; x_wconf 84' lang='lat' dir='ltr'>defendis</span> <span class='ocrx_word' id='word_1_38' title='bbox 799 747 900 809; x_wconf 90' lang='lat' dir='ltr'>villas</span> <span class='ocrx_word' id='word_1_39' title='bbox 916 746 1094 817; x_wconf 67' lang='lat' dir='ltr'>Ecclesiae,</span> <span class='ocrx_word' id='word_1_40' title='bbox 1183 817 1185 826; x_wconf 21' lang='grc' dir='ltr'><em>Α</em></span> 
     </span>
    </p>
   </div>
   <div class='ocr_carea' id='block_1_4' title="bbox 128 854 1097 3690">
    <p class='ocr_par' dir='ltr' id='par_1_4' title="bbox 128 854 1097 1683">
     <span class='ocr_line' id='line_1_6' title="bbox 130 854 1097 936; baseline -0.001 -19"><span class='ocrx_word' id='word_1_41' title='bbox 130 857 251 917; x_wconf 90' lang='lat' dir='ltr'>divino</span> <span class='ocrx_word' id='word_1_42' title='bbox 275 856 329 917; x_wconf 93' lang='lat' dir='ltr'>vel</span> <span class='ocrx_word' id='word_1_43' title='bbox 354 856 532 917; x_wconf 82' lang='lat' dir='ltr'>humano?</span> <span class='ocrx_word' id='word_1_44' title='bbox 563 854 642 917; x_wconf 87' lang='lat' dir='ltr'>Non</span> <span class='ocrx_word' id='word_1_45' title='bbox 674 855 803 923; x_wconf 88' lang='lat' dir='ltr'>divino,</span> <span class='ocrx_word' id='word_1_46' title='bbox 828 874 906 916; x_wconf 93' lang='lat' dir='ltr'>nam</span> <span class='ocrx_word' id='word_1_47' title='bbox 938 856 1014 936; x_wconf 89' lang='lat' dir='ltr'>jure</span> <span class='ocrx_word' id='word_1_48' title='bbox 1048 854 1097 916; x_wconf 91' lang='lat' dir='ltr'>di·</span> 
     </span>
     <span class='ocr_line' id='line_1_7' title="bbox 128 962 1093 1043; baseline 0 -20"><span class='ocrx_word' id='word_1_49' title='bbox 128 963 215 1024; x_wconf 89' lang='lat' dir='ltr'>vino</span> <span class='ocrx_word' id='word_1_50' title='bbox 226 962 366 1023; x_wconf 86' lang='lat' dir='ltr'>Domini</span> <span class='ocrx_word' id='word_1_51' title='bbox 379 971 432 1023; x_wconf 89' lang='lat' dir='ltr'>est</span> <span class='ocrx_word' id='word_1_52' title='bbox 447 972 538 1024; x_wconf 84' lang='lat' dir='ltr'>terra</span> <span class='ocrx_word' id='word_1_53' title='bbox 553 971 588 1023; x_wconf 90' lang='lat' dir='ltr'>et</span> <span class='ocrx_word' id='word_1_54' title='bbox 599 962 777 1043; x_wconf 87' lang='lat' dir='ltr'>plenitudo</span> <span class='ocrx_word' id='word_1_55' title='bbox 790 962 872 1041; x_wconf 85' lang='lat' dir='ltr'>ejus;</span> <span class='ocrx_word' id='word_1_56' title='bbox 887 964 963 1042; x_wconf 87' lang='lat' dir='ltr'>jure</span> <span class='ocrx_word' id='word_1_57' title='bbox 980 973 1093 1023; x_wconf 87' lang='lat' dir='ltr'>autem</span> 
     </span>
     <span class='ocr_line' id='line_1_8' title="bbox 130 1068 1090 1139; baseline 0 -10"><span class='ocrx_word' id='word_1_58' title='bbox 130 1068 282 1130; x_wconf 89' lang='lat' dir='ltr'>humano</span> <span class='ocrx_word' id='word_1_59' title='bbox 294 1069 427 1139; x_wconf 87' lang='lat' dir='ltr'>dicitur,</span> <span class='ocrx_word' id='word_1_60' title='bbox 445 1068 520 1130; x_wconf 83' lang='lat' dir='ltr'>haec</span> <span class='ocrx_word' id='word_1_61' title='bbox 535 1068 658 1130; x_wconf 91' lang='lat' dir='ltr'>domus</span> <span class='ocrx_word' id='word_1_62' title='bbox 675 1088 760 1137; x_wconf 83' lang='lat' dir='ltr'>mea.</span> <span class='ocrx_word' id='word_1_63' title='bbox 777 1068 833 1130; x_wconf 91' lang='lat' dir='ltr'>hie</span> <span class='ocrx_word' id='word_1_64' title='bbox 845 1088 966 1131; x_wconf 88' lang='lat' dir='ltr'>servus</span> <span class='ocrx_word' id='word_1_65' title='bbox 984 1088 1090 1129; x_wconf 89' lang='lat' dir='ltr'>meus.</span> 
     </span>
     <span class='ocr_line' id='line_1_9' title="bbox 132 1174 1095 1256; baseline 0 -20"><span class='ocrx_word' id='word_1_66' title='bbox 132 1211 174 1218; x_wconf 90' lang='lat'>—</span> <span class='ocrx_word' id='word_1_67' title='bbox 200 1174 286 1237; x_wconf 84' lang='lat' dir='ltr'>Item</span> <span class='ocrx_word' id='word_1_68' title='bbox 310 1176 475 1256; x_wconf 88' lang='lat' dir='ltr'>probatur</span> <span class='ocrx_word' id='word_1_69' title='bbox 501 1176 643 1244; x_wconf 84' lang='lat' dir='ltr'>ratione,</span> <span class='ocrx_word' id='word_1_70' title='bbox 668 1176 749 1255; x_wconf 92' lang='lat' dir='ltr'>quia</span> <span class='ocrx_word' id='word_1_71' title='bbox 783 1175 841 1236; x_wconf 84' lang='lat' dir='ltr'>lex</span> <span class='ocrx_word' id='word_1_72' title='bbox 861 1184 1008 1237; x_wconf 84' lang='lat' dir='ltr'>-naturae</span> <span class='ocrx_word' id='word_1_73' title='bbox 1042 1186 1095 1236; x_wconf 85' lang='lat' dir='ltr'>est</span> 
     </span>
     <span class='ocr_line' id='line_1_10' title="bbox 130 1279 1096 1352; baseline -0.002 -8"><span class='ocrx_word' id='word_1_74' title='bbox 130 1282 318 1345; x_wconf 88' lang='lat' dir='ltr'>secundum</span> <span class='ocrx_word' id='word_1_75' title='bbox 343 1292 469 1343; x_wconf 88' lang='lat' dir='ltr'>statum</span> <span class='ocrx_word' id='word_1_76' title='bbox 494 1283 715 1352; x_wconf 66' lang='lat' dir='ltr'>innocentiam</span> <span class='ocrx_word' id='word_1_77' title='bbox 741 1281 802 1343; x_wconf 87' lang='lat' dir='ltr'>sed</span> <span class='ocrx_word' id='word_1_78' title='bbox 823 1283 860 1343; x_wconf 91' lang='lat' dir='ltr'>in</span> <span class='ocrx_word' id='word_1_79' title='bbox 885 1290 976 1343; x_wconf 87' lang='lat' dir='ltr'>statu</span> <span class='ocrx_word' id='word_1_80' title='bbox 1000 1279 1096 1343; x_wconf 85' lang='lat' dir='ltr'>innd-</span> 
     </span>
     <span class='ocr_line' id='line_1_11' title="bbox 130 1388 1096 1469; baseline -0.001 -19"><span class='ocrx_word' id='word_1_81' title='bbox 130 1390 255 1450; x_wconf 85' lang='lat' dir='ltr'>centiae</span> <span class='ocrx_word' id='word_1_82' title='bbox 280 1390 396 1450; x_wconf 86' lang='lat' dir='ltr'>omnia</span> <span class='ocrx_word' id='word_1_83' title='bbox 430 1398 526 1449; x_wconf 89' lang='lat' dir='ltr'>erant</span> <span class='ocrx_word' id='word_1_84' title='bbox 549 1388 754 1457; x_wconf 88' lang='lat' dir='ltr'>communia,</span> <span class='ocrx_word' id='word_1_85' title='bbox 779 1398 851 1450; x_wconf 89' lang='lat' dir='ltr'>tum</span> <span class='ocrx_word' id='word_1_86' title='bbox 875 1398 1016 1469; x_wconf 87' lang='lat' dir='ltr'>propter</span> <span class='ocrx_word' id='word_1_87' title='bbox 1038 1408 1096 1468; x_wconf 87' lang='lat' dir='ltr'>pa·</span> 
     </span>
     <span class='ocr_line' id='line_1_12' title="bbox 129 1493 1094 1576; baseline -0.002 -20"><span class='ocrx_word' id='word_1_88' title='bbox 129 1493 262 1557; x_wconf 89' lang='lat' dir='ltr'>cificam</span> <span class='ocrx_word' id='word_1_89' title='bbox 286 1496 591 1564; x_wconf 85' lang='lat' dir='ltr'>conversationem,</span> <span class='ocrx_word' id='word_1_90' title='bbox 614 1506 689 1556; x_wconf 82' lang='lat' dir='ltr'>tum</span> <span class='ocrx_word' id='word_1_91' title='bbox 713 1504 851 1576; x_wconf 89' lang='lat' dir='ltr'>propter</span> <span class='ocrx_word' id='word_1_92' title='bbox 868 1497 1094 1557; x_wconf 85' lang='lat' dir='ltr'>necessariam</span> 
     </span>
     <span class='ocr_line' id='line_1_13' title="bbox 129 1602 557 1683; baseline -0.002 -21"><span class='ocrx_word' id='word_1_93' title='bbox 129 1602 438 1673; x_wconf 66' lang='lat' dir='ltr'>sustentationem</span> <span class='ocrx_word' id='word_1_94' title='bbox 463 1620 557 1683; x_wconf 81' lang='lat' dir='ltr'>ergo</span> 
     </span>
    </p>

    <p class='ocr_par' dir='ltr' id='par_1_5' title="bbox 128 1706 1096 2944">
     <span class='ocr_line' id='line_1_14' title="bbox 221 1706 1096 1789; baseline 0.001 -21"><span class='ocrx_word' id='word_1_95' title='bbox 221 1709 365 1768; x_wconf 83' lang='lat' dir='ltr'>Secundo</span> <span class='ocrx_word' id='word_1_96' title='bbox 393 1709 555 1770; x_wconf 80' lang='lat' dir='ltr'>Conclusio</span> <span class='ocrx_word' id='word_1_97' title='bbox 570 1718 673 1789; x_wconf 89' lang='lat' dir='ltr'>patet.</span> <span class='ocrx_word' id='word_1_98' title='bbox 693 1706 812 1770; x_wconf 90' lang='lat' dir='ltr'>Status</span> <span class='ocrx_word' id='word_1_99' title='bbox 829 1711 919 1769; x_wconf 88' lang='lat' dir='ltr'>enim</span> <span class='ocrx_word' id='word_1_100' title='bbox 937 1710 1096 1771; x_wconf 87' lang='lat' dir='ltr'>innocen·</span> 
     </span>
     <span class='ocr_line' id='line_1_15' title="bbox 128 1814 1093 1896; baseline -0.001 -20"><span class='ocrx_word' id='word_1_101' title='bbox 128 1816 190 1876; x_wconf 81' lang='lat' dir='ltr'>tiae</span> <span class='ocrx_word' id='word_1_102' title='bbox 213 1826 266 1876; x_wconf 89' lang='lat' dir='ltr'>est</span> <span class='ocrx_word' id='word_1_103' title='bbox 289 1814 378 1875; x_wconf 90' lang='lat' dir='ltr'>alius</span> <span class='ocrx_word' id='word_1_104' title='bbox 401 1835 422 1876; x_wconf 93' lang='lat' dir='ltr'>a</span> <span class='ocrx_word' id='word_1_105' title='bbox 444 1824 535 1877; x_wconf 86' lang='lat' dir='ltr'>statu</span> <span class='ocrx_word' id='word_1_106' title='bbox 560 1825 693 1876; x_wconf 86' lang='lat' dir='ltr'>naturae</span> <span class='ocrx_word' id='word_1_107' title='bbox 711 1814 833 1895; x_wconf 88' lang='lat' dir='ltr'>lapsae;</span> <span class='ocrx_word' id='word_1_108' title='bbox 852 1815 963 1876; x_wconf 87' lang='lat' dir='ltr'>sedin</span> <span class='ocrx_word' id='word_1_109' title='bbox 980 1817 1093 1896; x_wconf 89' lang='lat' dir='ltr'>primo</span> 
     </span>
     <span class='ocr_line' id='line_1_16' title="bbox 129 1919 1092 2002; baseline -0.001 -19"><span class='ocrx_word' id='word_1_110' title='bbox 129 1932 223 1983; x_wconf 86' lang='lat' dir='ltr'>statu</span> <span class='ocrx_word' id='word_1_111' title='bbox 247 1932 319 1983; x_wconf 89' lang='lat' dir='ltr'>erat</span> <span class='ocrx_word' id='word_1_112' title='bbox 342 1919 485 2002; x_wconf 84' lang='lat' dir='ltr'>pacifica</span> <span class='ocrx_word' id='word_1_113' title='bbox 507 1923 734 1991; x_wconf 88' lang='lat' dir='ltr'>conversatio,</span> <span class='ocrx_word' id='word_1_114' title='bbox 760 1924 794 1983; x_wconf 88' lang='lat' dir='ltr'>in</span> <span class='ocrx_word' id='word_1_115' title='bbox 812 1921 962 1983; x_wconf 88' lang='lat' dir='ltr'>secundo</span> <span class='ocrx_word' id='word_1_116' title='bbox 979 1931 1092 1984; x_wconf 87' lang='lat' dir='ltr'>autem</span> 
     </span>
     <span class='ocr_line' id='line_1_17' title="bbox 131 2028 1094 2111; baseline 0.001 -22"><span class='ocrx_word' id='word_1_117' title='bbox 131 2048 221 2102; x_wconf 77' lang='lat' dir='ltr'>non3</span> <span class='ocrx_word' id='word_1_118' title='bbox 246 2030 353 2111; x_wconf 87' lang='lat' dir='ltr'>igitur</span> <span class='ocrx_word' id='word_1_119' title='bbox 377 2030 412 2090; x_wconf 93' lang='lat' dir='ltr'>in</span> <span class='ocrx_word' id='word_1_120' title='bbox 436 2028 501 2089; x_wconf 91' lang='lat' dir='ltr'>hoc</span> <span class='ocrx_word' id='word_1_121' title='bbox 524 2029 675 2090; x_wconf 90' lang='lat' dir='ltr'>secundo</span> <span class='ocrx_word' id='word_1_122' title='bbox 699 2038 790 2091; x_wconf 89' lang='lat' dir='ltr'>statu</span> <span class='ocrx_word' id='word_1_123' title='bbox 812 2028 943 2090; x_wconf 87' lang='lat' dir='ltr'>scilieet</span> <span class='ocrx_word' id='word_1_124' title='bbox 960 2038 1094 2090; x_wconf 85' lang='lat' dir='ltr'>naturae·</span> 
     </span>
     <span class='ocr_line' id='line_1_18' title="bbox 130 2136 1093 2217; baseline 0 -20"><span class='ocrx_word' id='word_1_125' title='bbox 130 2137 239 2217; x_wconf 85' lang='lat' dir='ltr'>lapsae</span> <span class='ocrx_word' id='word_1_126' title='bbox 263 2136 507 2198; x_wconf 85' lang='lat' dir='ltr'>removendum</span> <span class='ocrx_word' id='word_1_127' title='bbox 532 2147 594 2204; x_wconf 86' lang='lat' dir='ltr'>est,</span> <span class='ocrx_word' id='word_1_128' title='bbox 610 2147 713 2216; x_wconf 89' lang='lat' dir='ltr'>prout</span> <span class='ocrx_word' id='word_1_129' title='bbox 736 2148 789 2197; x_wconf 90' lang='lat' dir='ltr'>est</span> <span class='ocrx_word' id='word_1_130' title='bbox 804 2137 979 2216; x_wconf 88' lang='lat' dir='ltr'>possibile.</span> <span class='ocrx_word' id='word_1_131' title='bbox 996 2137 1093 2217; x_wconf 92' lang='lat' dir='ltr'>quid-</span> 
     </span>
     <span class='ocr_line' id='line_1_19' title="bbox 129 2239 1093 2324; baseline 0 -20"><span class='ocrx_word' id='word_1_132' title='bbox 129 2243 215 2324; x_wconf 88' lang='lat' dir='ltr'>quid</span> <span class='ocrx_word' id='word_1_133' title='bbox 238 2242 330 2304; x_wconf 87' lang='lat' dir='ltr'>tollit</span> <span class='ocrx_word' id='word_1_134' title='bbox 362 2239 539 2323; x_wconf 86' lang='lat' dir='ltr'>pacificam</span> <span class='ocrx_word' id='word_1_135' title='bbox 573 2245 869 2304; x_wconf 85' lang='lat' dir='ltr'>conversationem</span> <span class='ocrx_word' id='word_1_136' title='bbox 903 2243 1093 2304; x_wconf 87' lang='lat' dir='ltr'>hominum.</span> 
     </span>
     <span class='ocr_line' id='line_1_20' title="bbox 131 2347 1094 2431; baseline 0 -20"><span class='ocrx_word' id='word_1_137' title='bbox 131 2347 202 2411; x_wconf 84' lang='lat' dir='ltr'>Sed</span> <span class='ocrx_word' id='word_1_138' title='bbox 226 2352 254 2411; x_wconf 91' lang='lat' dir='ltr'>si</span> <span class='ocrx_word' id='word_1_139' title='bbox 279 2369 347 2410; x_wconf 91' lang='lat' dir='ltr'>non</span> <span class='ocrx_word' id='word_1_140' title='bbox 372 2358 487 2410; x_wconf 84' lang='lat' dir='ltr'>essent</span> <span class='ocrx_word' id='word_1_141' title='bbox 510 2368 623 2410; x_wconf 89' lang='lat' dir='ltr'>rerum</span> <span class='ocrx_word' id='word_1_142' title='bbox 647 2349 799 2410; x_wconf 89' lang='lat' dir='ltr'>dominia</span> <span class='ocrx_word' id='word_1_143' title='bbox 826 2350 996 2418; x_wconf 82' lang='lat' dir='ltr'>distincta,</span> <span class='ocrx_word' id='word_1_144' title='bbox 1021 2352 1094 2431; x_wconf 92' lang='lat' dir='ltr'>qui·</span> 
     </span>
     <span class='ocr_line' id='line_1_21' title="bbox 129 2455 1096 2536; baseline -0.001 -18"><span class='ocrx_word' id='word_1_145' title='bbox 129 2456 216 2518; x_wconf 89' lang='lat' dir='ltr'>libet</span> <span class='ocrx_word' id='word_1_146' title='bbox 239 2455 343 2518; x_wconf 88' lang='lat' dir='ltr'>vellet</span> <span class='ocrx_word' id='word_1_147' title='bbox 367 2465 476 2517; x_wconf 90' lang='lat' dir='ltr'>totum</span> <span class='ocrx_word' id='word_1_148' title='bbox 500 2475 678 2536; x_wconf 84' lang='lat' dir='ltr'>occupare,</span> <span class='ocrx_word' id='word_1_149' title='bbox 703 2467 737 2517; x_wconf 88' lang='lat' dir='ltr'>et</span> <span class='ocrx_word' id='word_1_150' title='bbox 761 2457 809 2517; x_wconf 92' lang='lat' dir='ltr'>sic</span> <span class='ocrx_word' id='word_1_151' title='bbox 837 2456 1013 2518; x_wconf 87' lang='lat' dir='ltr'>tolleretur</span> <span class='ocrx_word' id='word_1_152' title='bbox 1036 2475 1096 2536; x_wconf 92' lang='lat' dir='ltr'>pa·</span> 
     </span>
     <span class='ocr_line' id='line_1_22' title="bbox 129 2551 1093 2643; baseline -0.001 -19"><span class='ocrx_word' id='word_1_153' title='bbox 129 2561 229 2624; x_wconf 85' lang='lat' dir='ltr'>cifica</span> <span class='ocrx_word' id='word_1_154' title='bbox 251 2551 487 2634; x_wconf 88' lang='lat' dir='ltr'>conversatio;</span> <span class='ocrx_word' id='word_1_155' title='bbox 512 2581 596 2643; x_wconf 87' lang='lat' dir='ltr'>ergo</span> <span class='ocrx_word' id='word_1_156' title='bbox 630 2573 709 2642; x_wconf 89' lang='lat' dir='ltr'>post</span> <span class='ocrx_word' id='word_1_157' title='bbox 733 2562 866 2643; x_wconf 91' lang='lat' dir='ltr'>lapsum</span> <span class='ocrx_word' id='word_1_158' title='bbox 902 2563 1093 2624; x_wconf 86' lang='lat' dir='ltr'>debuerunt</span> 
     </span>
     <span class='ocr_line' id='line_1_23' title="bbox 128 2668 1093 2746; baseline -0.002 -16"><span class='ocrx_word' id='word_1_159' title='bbox 128 2669 283 2730; x_wconf 90' lang='lat' dir='ltr'>dominia</span> <span class='ocrx_word' id='word_1_160' title='bbox 316 2688 392 2730; x_wconf 89' lang='lat' dir='ltr'>esse</span> <span class='ocrx_word' id='word_1_161' title='bbox 426 2669 597 2730; x_wconf 89' lang='lat' dir='ltr'>distincta.</span> <span class='ocrx_word' id='word_1_162' title='bbox 623 2668 715 2730; x_wconf 88' lang='lat' dir='ltr'>Hinc</span> <span class='ocrx_word' id='word_1_163' title='bbox 740 2669 948 2730; x_wconf 86' lang='lat' dir='ltr'>Aristoteles</span> <span class='ocrx_word' id='word_1_164' title='bbox 976 2689 1008 2746; x_wconf 74' lang='lat'>3.</span> <span class='ocrx_word' id='word_1_165' title='bbox 1034 2669 1093 2728; x_wconf 89' lang='lat' dir='ltr'>Po-</span> 
     </span>
     <span class='ocr_line' id='line_1_24' title="bbox 128 2775 1093 2857; baseline 0.001 -22"><span class='ocrx_word' id='word_1_166' title='bbox 128 2777 205 2836; x_wconf 83' lang='lat' dir='ltr'>litio.</span> <span class='ocrx_word' id='word_1_167' title='bbox 232 2777 404 2856; x_wconf 84' lang='lat' dir='ltr'>vituperat</span> <span class='ocrx_word' id='word_1_168' title='bbox 427 2775 583 2856; x_wconf 86' lang='lat' dir='ltr'>politiam</span> <span class='ocrx_word' id='word_1_169' title='bbox 607 2775 762 2838; x_wconf 86' lang='lat' dir='ltr'>Socratis</span> <span class='ocrx_word' id='word_1_170' title='bbox 792 2778 952 2857; x_wconf 91' lang='lat' dir='ltr'>ponentis</span> <span class='ocrx_word' id='word_1_171' title='bbox 986 2777 1093 2836; x_wconf 91' lang='lat' dir='ltr'>omni-</span> 
     </span>
     <span class='ocr_line' id='line_1_25' title="bbox 129 2883 659 2944; baseline 0 -1"><span class='ocrx_word' id='word_1_172' title='bbox 129 2883 196 2944; x_wconf 90' lang='lat' dir='ltr'>bus</span> <span class='ocrx_word' id='word_1_173' title='bbox 218 2884 335 2944; x_wconf 88' lang='lat' dir='ltr'>omnia</span> <span class='ocrx_word' id='word_1_174' title='bbox 357 2902 434 2944; x_wconf 86' lang='lat' dir='ltr'>esse</span> <span class='ocrx_word' id='word_1_175' title='bbox 457 2885 659 2944; x_wconf 91' lang='lat' dir='ltr'>communia.</span> 
     </span>
    </p>

    <p class='ocr_par' dir='ltr' id='par_1_6' title="bbox 129 2989 1094 3690">
     <span class='ocr_line' id='line_1_26' title="bbox 228 2989 1092 3071; baseline 0.001 -22"><span class='ocrx_word' id='word_1_176' title='bbox 228 2991 333 3049; x_wconf 79' lang='lat' dir='ltr'>Tertia</span> <span class='ocrx_word' id='word_1_177' title='bbox 365 2989 526 3050; x_wconf 82' lang='lat' dir='ltr'>Conclusio</span> <span class='ocrx_word' id='word_1_178' title='bbox 560 2999 663 3071; x_wconf 84' lang='lat' dir='ltr'>patet.</span> <span class='ocrx_word' id='word_1_179' title='bbox 700 2991 781 3069; x_wconf 91' lang='lat' dir='ltr'>quia</span> <span class='ocrx_word' id='word_1_180' title='bbox 816 2991 881 3051; x_wconf 90' lang='lat' dir='ltr'>ista</span> <span class='ocrx_word' id='word_1_181' title='bbox 915 2989 1092 3050; x_wconf 88' lang='lat' dir='ltr'>distinctio</span> 
     </span>
     <span class='ocr_line' id='line_1_27' title="bbox 130 3095 1092 3178; baseline -0.001 -21"><span class='ocrx_word' id='word_1_182' title='bbox 130 3105 277 3163; x_wconf 77' lang='lat' dir='ltr'>nonest</span> <span class='ocrx_word' id='word_1_183' title='bbox 299 3115 360 3177; x_wconf 90' lang='lat' dir='ltr'>per</span> <span class='ocrx_word' id='word_1_184' title='bbox 383 3096 495 3178; x_wconf 81' lang='lat' dir='ltr'>legem</span> <span class='ocrx_word' id='word_1_185' title='bbox 521 3097 682 3165; x_wconf 89' lang='lat' dir='ltr'>divinam,</span> <span class='ocrx_word' id='word_1_186' title='bbox 708 3097 796 3157; x_wconf 90' lang='lat' dir='ltr'>sicut</span> <span class='ocrx_word' id='word_1_187' title='bbox 819 3105 913 3176; x_wconf 86' lang='lat' dir='ltr'>patet</span> <span class='ocrx_word' id='word_1_188' title='bbox 929 3115 990 3176; x_wconf 89' lang='lat' dir='ltr'>per</span> <span class='ocrx_word' id='word_1_189' title='bbox 1007 3095 1092 3156; x_wconf 89' lang='lat' dir='ltr'>illud</span> 
     </span>
     <span class='ocr_line' id='line_1_28' title="bbox 130 3201 1092 3284; baseline 0 -20"><span class='ocrx_word' id='word_1_190' title='bbox 130 3201 323 3284; x_wconf 83' lang='lat' dir='ltr'>Augustini</span> <span class='ocrx_word' id='word_1_191' title='bbox 360 3203 611 3275; x_wconf 65' lang='lat' dir='ltr'>introductum</span> <span class='ocrx_word' id='word_1_192' title='bbox 647 3223 716 3283; x_wconf 92' lang='lat' dir='ltr'>quo</span> <span class='ocrx_word' id='word_1_193' title='bbox 747 3204 823 3283; x_wconf 86' lang='lat' dir='ltr'>jure</span> <span class='ocrx_word' id='word_1_194' title='bbox 854 3212 917 3264; x_wconf 89' lang='lat' dir='ltr'>ete.</span> <span class='ocrx_word' id='word_1_195' title='bbox 943 3203 1015 3264; x_wconf 82' lang='lat' dir='ltr'>Nec</span> <span class='ocrx_word' id='word_1_196' title='bbox 1039 3213 1092 3264; x_wconf 86' lang='lat' dir='ltr'>est</span> 
     </span>
     <span class='ocr_line' id='line_1_29' title="bbox 129 3309 1094 3390; baseline 0.001 -21"><span class='ocrx_word' id='word_1_197' title='bbox 129 3327 192 3389; x_wconf 89' lang='lat' dir='ltr'>per</span> <span class='ocrx_word' id='word_1_198' title='bbox 215 3309 327 3390; x_wconf 88' lang='lat' dir='ltr'>legem</span> <span class='ocrx_word' id='word_1_199' title='bbox 352 3320 494 3378; x_wconf 79' lang='lat' dir='ltr'>naturae,</span> <span class='ocrx_word' id='word_1_200' title='bbox 519 3311 600 3390; x_wconf 89' lang='lat' dir='ltr'>quia</span> <span class='ocrx_word' id='word_1_201' title='bbox 623 3311 681 3371; x_wconf 84' lang='lat' dir='ltr'>lex</span> <span class='ocrx_word' id='word_1_202' title='bbox 714 3320 845 3372; x_wconf 83' lang='lat' dir='ltr'>naturae</span> <span class='ocrx_word' id='word_1_203' title='bbox 881 3330 949 3371; x_wconf 92' lang='lat' dir='ltr'>non</span> <span class='ocrx_word' id='word_1_204' title='bbox 985 3310 1094 3370; x_wconf 86' lang='lat' dir='ltr'>deter-</span> 
     </span>
     <span class='ocr_line' id='line_1_30' title="bbox 130 3416 1093 3496; baseline 0.002 -20"><span class='ocrx_word' id='word_1_205' title='bbox 130 3417 239 3477; x_wconf 85' lang='lat' dir='ltr'>minat</span> <span class='ocrx_word' id='word_1_206' title='bbox 261 3418 431 3496; x_wconf 88' lang='lat' dir='ltr'>opposita‚</span> <span class='ocrx_word' id='word_1_207' title='bbox 455 3417 516 3478; x_wconf 89' lang='lat' dir='ltr'>sed</span> <span class='ocrx_word' id='word_1_208' title='bbox 547 3417 605 3478; x_wconf 82' lang='lat' dir='ltr'>lex</span> <span class='ocrx_word' id='word_1_209' title='bbox 639 3427 772 3478; x_wconf 88' lang='lat' dir='ltr'>naturae</span> <span class='ocrx_word' id='word_1_210' title='bbox 807 3419 841 3478; x_wconf 91' lang='lat' dir='ltr'>in</span> <span class='ocrx_word' id='word_1_211' title='bbox 878 3427 999 3478; x_wconf 88' lang='lat' dir='ltr'>natura</span> <span class='ocrx_word' id='word_1_212' title='bbox 1033 3416 1093 3479; x_wconf 91' lang='lat' dir='ltr'>hu-</span> 
     </span>
     <span class='ocr_line' id='line_1_31' title="bbox 129 3525 1091 3604; baseline 0.002 -21"><span class='ocrx_word' id='word_1_213' title='bbox 129 3541 232 3585; x_wconf 85' lang='lat' dir='ltr'>mana</span> <span class='ocrx_word' id='word_1_214' title='bbox 269 3525 510 3585; x_wconf 85' lang='lat' dir='ltr'>determinavit</span> <span class='ocrx_word' id='word_1_215' title='bbox 548 3525 641 3604; x_wconf 88' lang='lat' dir='ltr'>quod</span> <span class='ocrx_word' id='word_1_216' title='bbox 680 3527 795 3586; x_wconf 91' lang='lat' dir='ltr'>omnia</span> <span class='ocrx_word' id='word_1_217' title='bbox 840 3535 955 3585; x_wconf 85' lang='lat' dir='ltr'>essent</span> <span class='ocrx_word' id='word_1_218' title='bbox 1002 3542 1091 3585; x_wconf 88' lang='lat' dir='ltr'>com-</span> 
     </span>
     <span class='ocr_line' id='line_1_32' title="bbox 129 3647 256 3690; baseline 0.008 -1"><span class='ocrx_word' id='word_1_219' title='bbox 129 3647 256 3690; x_wconf 74' lang='lat' dir='ltr'>munia.</span> 
     </span>
    </p>
   </div>
   <div class='ocr_carea' id='block_1_5' title="bbox 0 0 1304 4200">
    <p class='ocr_par' dir='ltr' id='par_1_7' title="bbox 0 0 1304 4200">
     <span class='ocr_line' id='line_1_33' title="bbox 0 0 1304 4200; baseline 0 0"><span class='ocrx_word' id='word_1_220' title='bbox 0 0 1304 4200; x_wconf 95' lang='lat' dir='ltr'> </span> 
     </span>
    </p>
   </div>
  </div>
 </body>
</html>
