2600 4200
222 213 281 286 ¹⁶4
445 211 519 270 1113.
546 209 596 271 IV
623 210 927 274 Seu1·r;u'r·1nuun

193 398 402 449 concurrunt
425 389 542 470 plure's
558 388 796 469 perfectiones,
814 390 944 469 aliquid
959 401 1073 470 potest
1089 392 1155 452 sibi

192 513 269 554 esse
303 497 531 576 propinquius
569 498 757 558 secundum
782 517 884 558 unam
912 495 1155 578 perfectionem

192 611 227 662 et
252 621 319 663 non
345 603 531 664 secundum
557 603 669 673 aliam,
695 613 815 684 utpote
839 604 935 666 Deus
959 615 1012 666 est
1028 605 1157 685 simpli·

192 709 278 768 citer
301 727 440 770 necesse
464 729 549 778 esse,
575 721 608 771 et
632 709 705 770 haec
737 711 923 772 necessitas
958 721 1010 772 est
1045 713 1078 772 in
1113 731 1155 772 eo

192 812 357 894 perfectio
391 817 612 896 simpliciter;
648 827 778 896 quanto
814 837 899 899 ergo
937 818 1067 899 aliquid
1102 829 1155 880 est

192 923 306 1001 magis
341 923 581 991 necessarium,
607 933 703 984 tanto
731 934 783 986 est
818 926 1044 1005 propinquius
1068 925 1154 994 Deo,

192 1037 227 1088 et
265 1029 314 1088 sic
354 1028 479 1089 coelum
527 1039 580 1091 est
625 1032 854 1110 propinquius
892 1031 968 1092 Deo
1006 1051 1157 1110 quocun·

191 1155 260 1214 que.
299 1136 522 1215 corruptibili.
561 1137 692 1197 Praeter
739 1137 818 1205 hoc,
858 1137 954 1199 Deus
1000 1148 1053 1198 est
1099 1158 1155 1199 na-

194 1241 516 1303 turaintellectualis
541 1244 743 1322 slmplieiter
766 1241 930 1323 perfecta3
967 1245 1153 1306 secundum

192 1348 258 1409 hoc
282 1350 395 1429 magis
419 1351 627 1428 propinquat
666 1361 822 1412 creatura
860 1352 972 1412 media
1006 1352 1156 1412 intellec-

191 1455 305 1524 tualis,
341 1466 379 1516 ut
415 1456 571 1536 angelus,
608 1467 688 1535 post
726 1457 814 1518 hanc
850 1467 971 1519 natura
1006 1459 1155 1520 intellec-

192 1562 296 1622 tualis
321 1564 443 1623 animae
468 1576 606 1632 nostrae,
631 1573 710 1642 post
727 1565 794 1626 ista
809 1585 891 1624 vero
913 1566 1091 1634 sensitiva;
1118 1567 1152 1625 in

191 1669 257 1729 hoc
281 1679 393 1730 autern
420 1669 539 1730 ordine
562 1680 728 1749 quantum
754 1672 796 1732 ad
826 1690 903 1732 esse
926 1673 1043 1732 vivum
1078 1691 1156 1751 pro-

191 1777 353 1854 pinquior
387 1785 439 1835 est
474 1795 592 1837 musca
626 1775 702 1838 Deo
735 1797 837 1857 quarn
869 1778 1004 1839 coelum.
1031 1778 1156 1840 Posset

190 1901 277 1963 ergo
301 1880 416 1942 inferri
442 1903 486 1943 ex
511 1885 621 1963 primo
650 1885 778 1952 ordine,
814 1885 907 1964 quod
940 1885 1065 1946 coelum
1100 1895 1154 1946 est

190 1991 419 2069 propinquius
447 1989 532 2058 Deo,
557 2001 590 2051 et
625 2009 687 2070 per
721 2011 935 2072 consequens
969 1989 1155 2071 perfectius

191 2115 329 2168 musca;
355 2116 398 2157 ex
423 2096 574 2158 secundo
605 2097 724 2159 ordine
758 2109 875 2179 posset
910 2096 1025 2159 inferri
1061 2100 1153 2179 quod

191 2222 310 2264 musca
333 2214 385 2264 est
408 2202 591 2285 perfectior
613 2205 713 2274 coelo,
738 2216 773 2268 et
807 2206 854 2267 ita
881 2204 1073 2268 inferuntur
1096 2226 1155 2286 op-

190 2312 313 2389 posita.
407 2312 623 2389 Respondemr
656 2313 747 2391 quod
772 2313 1045 2393 quandocunque
1076 2332 1155 2373 con-

190 2426 346 2486 currunt,
383 2419 417 2478 in
453 2420 576 2497 primo,
610 2417 837 2497 perfectiones
871 2420 1154 2499 qualitercunque

190 2524 385 2603 disparatae,
411 2523 496 2585 illud
520 2535 573 2585 est
605 2526 807 2605 simpliciter
840 2524 1026 2605 perfectius
1060 2527 1153 2606 quod

189 2641 242 2691 est
267 2630 330 2691 sibi
356 2632 592 2711 propinquius,
618 2633 805 2693 secundum
829 2630 914 2693 illud
935 2632 1027 2712 quod
1051 2633 1153 2693 habet

190 2739 355 2798 rationem
382 2737 583 2818 simpliciter
606 2736 836 2819 perfectionis.
854 2738 954 2800 Nunc
979 2750 1091 2801 autem
1116 2741 1151 2799 in

189 2844 382 2905 substantia
406 2855 507 2924 prout
531 2855 584 2905 est
607 2846 755 2925 primurn
773 2848 924 2907 omnium
942 2847 1082 2915 entium.
1099 2856 1153 2907 est

189 2951 320 3030 duplex
345 2950 428 3010 ordo
453 2953 650 3030 prioritatis,
677 2972 767 3013 unus
790 2954 823 3015 in
849 2952 1037 3014 substando
1064 2952 1151 3021 aliis,

188 3057 281 3135 quod
307 3058 450 3117 includit
474 3060 624 3138 recipere
648 3058 715 3119 alia
732 3068 766 3118 et
782 3057 897 3137 perfici
915 3059 957 3119 ab
974 3060 1043 3130 eis}
1064 3059 1152 3122 alius

188 3176 242 3223 est
267 3164 474 3225 actualitatis
492 3166 684 3232 intensivae,
698 3175 732 3225 et
748 3165 808 3227 illa
822 3163 986 3245 perfectio
1003 3166 1152 3227 secunda

189 3280 241 3330 est
266 3270 468 3349 simpliciter
491 3272 599 3352 major
614 3274 733 3352 prima.
753 3270 937 3353 Quantitas
961 3284 1073 3334 autern
1098 3282 1152 3334 est

189 3378 415 3456 propinquior
439 3377 641 3438 substantiae
667 3379 853 3439 secundum
883 3380 1027 3458 primam
1052 3380 1151 3440 ratio-

189 3502 277 3553 nem,
302 3485 384 3563 quia
407 3504 443 3543 se
468 3485 570 3546 habet
594 3486 627 3545 in
653 3486 784 3545 ratione
801 3486 974 3567 receptivi.
994 3483 1151 3565 Qualitas

189 3600 301 3649 autern
326 3600 378 3650 est
402 3592 627 3670 propinquior
650 3592 782 3651 ratione
813 3590 1021 3653 actualitatis
1045 3594 1152 3691 inten-
