2600 4200
194 428 457 510 irregularitatis
480 437 593 490 autem
617 447 723 508 poena
737 427 780 488 de
791 428 944 508 bigamia
959 447 1028 488 non
1046 428 1164 488 remit·

193 543 286 596 tatur
308 536 342 595 in
378 535 453 614 ipso
488 535 661 614 baptismo
696 553 764 595 non
799 542 852 594 est
885 534 952 595 nisi
968 598 971 609 1
987 542 1159 594 statutum

193 639 360 702 Ecclesiae
384 640 532 701 volentis
555 639 642 701 hanc
665 659 804 720 poenam
827 640 965 710 remitti,
982 638 1071 700 hanc
1087 657 1158 700 non

193 747 330 807 remitti.
355 745 457 807 Unde
480 765 542 826 per
565 746 748 825 specialem
774 746 1067 824 dispensationem
1099 765 1178 824 po-⁴

195 862 264 913 test
287 851 375 920 tolli,
401 862 439 913 ut
454 862 548 932 patet
564 851 599 914 in
615 852 899 913 duobuscasibus
910 850 1155 932 praeallegatis

283 1011 344 1072 Ao
367 1023 640 1072 inanimantia
665 1014 699 1070 in
722 1014 925 1080 contrarium,
954 1011 1009 1072 vel
1034 1009 1157 1072 Hiero

192 1135 319 1197 nymus
342 1125 490 1199 negatur
512 1118 601 1178 sicut
624 1119 851 1179 communiter
880 1118 1068 1178 canonistae
1098 1135 1157 1177 ne-

192 1231 279 1304 gant
315 1242 404 1291 eum,
443 1233 600 1283 tenentes
639 1224 890 1305 Augustinum
930 1222 986 1284 vel
1024 1223 1154 1302 exponi

192 1337 320 1410 potest:
346 1329 488 1389 crimina
510 1347 577 1389 non
602 1329 729 1389 obsunt
751 1339 917 1408 quantum
949 1328 1079 1390 scilicet
1109 1327 1156 1389 ad

192 1435 339 1516 gratiam
363 1433 602 1514 recipiendam,
626 1435 753 1496 obsunt
775 1443 888 1495 tamen
912 1443 1078 1514 quantum
1108 1435 1154 1495 ad

192 1541 337 1621 gradum
361 1539 542 1621 dignitatis
566 1541 600 1601 in
623 1538 779 1602 Ecclesia
809 1540 1012 1602 habendum.
1039 1538 1087 1601 Et
1102 1559 1156 1600 ac·

191 1646 318 1726 cipitur
350 1646 417 1707 ista
454 1639 627 1726 expositio
662 1666 706 1706 ex
740 1665 813 1708 can.
848 1646 1044 1720 Ambrosii:
1084 1664 1155 1707 una

191 1760 335 1813 tantum.

537 1944 719 2025 Qoffisno
744 1945 806 2007 IV.

303 2089 360 2149 Ad
380 2095 527 2167 quartam
554 2089 764 2164 Quaestionem
786 2092 831 2149 sic
848 2089 1047 2167 proceditur:

281 2230 428 2293 Videtur
450 2230 543 2311 quod
563 2232 749 2312 virginitas
773 2250 841 2292 non
865 2233 910 2293 sit
933 2232 1053 2301 virtus,
1071 2232 1154 2312 quia

189 2338 245 2399 cui
269 2357 337 2399 non
361 2339 525 2417 competit
547 2336 701 2398 definitio
724 2339 873 2408 virtutis,
898 2338 983 2399 illud
1006 2358 1074 2399 non
1098 2346 1153 2399 est

189 2447 314 2517 virtus;
340 2445 399 2505 sed
424 2445 614 2526 virginitati
640 2463 709 2505 non
734 2446 897 2525 competit
920 2444 1074 2507 definitio
1086 2446 1153 2505 vir·

186 2552 288 2623 ·tutis;
313 2553 430 2633 igitur,
458 2562 521 2613 etc.
547 2551 710 2613 Probatio
744 2554 886 2620 minoris,
925 2554 1007 2633 quia
1040 2554 1153 2613 virtus

187 2658 376 2719 secundum
401 2676 497 2718 suam
521 2655 754 2719 definitionem
779 2659 937 2719 consistit
960 2660 995 2720 in
1026 2659 1150 2726 medio,

187 2784 235 2825 ex
258 2784 287 2825 2.
312 2764 434 2833 Ethic.,·
457 2764 518 2825 sed
541 2765 725 2844 virginitas
749 2784 817 2825 non
841 2766 999 2827 consistit
1026 2768 1060 2827 in
1084 2784 1152 2827 me·

188 2872 256 2941 dio,
281 2873 362 2951 quia
384 2879 478 2932 tenet
501 2880 705 2941 extremum,
730 2871 808 2933 ideo
832 2891 900 2933 non
924 2874 1088 2953 competit
1117 2874 1149 2934 ei

189 2976 342 3041 definitio
365 2979 512 3040 virtutis

283 3085 406 3146 Contra.
432 3083 495 3146 Cui
519 3086 683 3165 competit
707 3084 869 3157 definitio,
896 3096 931 3148 et
954 3084 1148 3158 definitum;

188 3191 250 3253 sed
273 3192 465 3273 virginitati
490 3193 653 3271 competit
677 3190 829 3253 definitio
852 3194 1006 3265 virtutis;
1031 3194 1148 3275 igitur.

188 3298 351 3359 Probatio
382 3300 523 3367 minoris,
562 3300 643 3377 quia
677 3300 862 3386 secundum
898 3300 1148 3382 Augustinum

188 3406 300 3466 virtus
323 3415 376 3466 est
398 3406 489 3465 bona
512 3405 661 3484 qualitas
684 3407 822 3478 mentis;
862 3407 923 3467 sed
946 3408 1014 3469 ista
1035 3405 1151 3468 defini-

188 3513 237 3573 tio
276 3514 439 3592 competit
476 3513 689 3594 virginitati3
730 3514 838 3595 igitur
875 3514 1058 3595 virginitas
1095 3521 1150 3575 est

187 3618 308 3679 virtus.
