2600 4200
299 274 359 335 182
496 272 570 335 Lus.
595 272 640 336 111
665 271 959 336 Ssnrau‘nxnun
1049 286 1054 293 ·

271 478 505 541 ecclesiasticus
529 498 605 541 usus
628 486 727 559 atque
762 477 974 550 consuetudo,
998 476 1081 539 sicut
1104 477 1225 539 credere

273 584 336 647 Dei
359 584 517 646 unitatem
533 593 567 647 et
578 584 766 646 trinitatem.
783 583 942 665 Implicite
957 592 1067 645 autern
1084 592 1226 645 tenentur

273 710 388 753 omnes
411 689 560 753 homines
582 692 712 753 credere
728 710 842 753 omnes
856 690 1018 763 articulos,
1032 690 1093 752 sub
1113 690 1173 752 isto
1188 690 1227 751 in-

272 796 413 871 tellectu,
434 807 471 859 ut
483 796 617 859 credant
631 817 729 859 omne
749 797 839 879 quod
862 796 964 859 credit
975 806 1008 859 et
1023 805 1113 859 tenet
1123 806 1227 858 sancta

274 904 380 966 Mater
403 903 549 965 Ecclesia
573 904 734 967 Romana.

343 1117 404 1179 Ar>
428 1130 661 1181 Anconanra
685 1130 917 1180 Pnrncnnrrn
940 1118 981 1179 de
1004 1117 1186 1180 obedientia
1198 1127 1227 1179 et

275 1223 432 1286 charitate
455 1244 530 1305 quae
555 1222 676 1287 habent
698 1225 836 1287 eandem
859 1225 938 1299 vim,
954 1224 1129 1287 dicendum
1145 1223 1226 1306 quod

275 1351 342 1393 non
366 1340 415 1393 est
437 1330 540 1392 simile
562 1331 603 1392 de
626 1330 819 1404 obedientia,
840 1330 997 1393 charitate
1015 1340 1048 1393 et
1068 1330 1144 1404 fide,
1159 1331 1228 1412 quia

276 1436 357 1499 fides
391 1437 535 1499 consistit
559 1438 590 1499 in
614 1437 810 1520 cognitione,
846 1420 1028 1500 obedientia
1063 1448 1171 1501 autem
1199 1447 1227 1498 et

275 1543 415 1607 charitas
439 1544 621 1607 consistunt
644 1543 676 1605 in
700 1546 902 1607 executione.
935 1544 1033 1606 Nunc
1066 1554 1174 1607 autem
1196 1553 1227 1604 ut

276 1650 317 1712 sit
341 1648 482 1732 perfecta
506 1650 658 1713 executio
681 1670 746 1712 non
759 1652 876 1714 sufficit
895 1672 992 1733 agere
1007 1651 1039 1713 in
1057 1650 1226 1720 universali,

277 1757 337 1819 nisi
361 1756 417 1819 fiat
430 1756 570 1838 perlecta
594 1757 679 1819 actio
692 1757 775 1819 circa
792 1778 890 1820 omne
902 1758 1103 1839 particulare,
1120 1767 1153 1821 et
1163 1756 1228 1818 ideo

276 1863 460 1927 obedientia
474 1864 602 1944 respicit
616 1884 714 1926 omne
726 1872 928 1946 praeceptum
941 1873 973 1926 et
989 1864 1128 1927 charitas
1139 1882 1228 1927 omne

277 1968 449 2051 diligibile;
474 1970 529 2031 sed
547 1970 578 2031 in
602 1970 788 2052 cognitione
804 1990 869 2033 non
886 1971 931 2033 sic
943 1980 1001 2044 est,
1018 1972 1135 2034 sufficit
1150 1970 1227 2033 enirn

276 2095 475 2159 cognoscere
499 2076 530 2138 in
548 2076 717 2140 universali
740 2077 864 2159 absque
876 2098 916 2140 eo
938 2079 1029 2160 quod
1042 2096 1229 2162 cognoscan-

277 2191 331 2245 tur
355 2184 465 2245 ornnia
488 2184 519 2245 in
544 2185 738 2266 particulari,
755 2194 788 2247 et
807 2185 880 2248 ideo
903 2186 1021 2248 sufficit
1044 2185 1119 2248 fidei
1147 2183 1228 2266 quod

278 2289 437 2352 habeatur
460 2289 604 2372 cognitio
627 2291 812 2372 aliquorum
843 2292 1053 2355 articulorum
1088 2291 1229 2374 explicite

277 2405 311 2458 et
334 2397 516 2478 aliquorum
542 2397 704 2481 implicite.
