2600 4200
328 212 517 276 Drsrmcr.
536 176 689 274 llXXlI
714 211 903 293 QuAEst.I
1011 233 1072 292 297

134 392 272 470 quando
296 393 408 460 licitus,
436 392 620 471 aliquando
645 393 783 459 illicitus,
822 400 857 451 et
891 391 1099 472 intelligitur

135 497 276 558 illicitus
299 508 465 576 quantum
489 497 533 558 ad
548 508 725 577 peccatum
742 497 877 558 veniale
888 506 923 557 et
939 498 1092 558 mortale.

135 603 255 666 Coitus
279 622 360 665 vero
384 581 565 664 meritorius
588 604 718 683 duplex
735 613 797 672 est,
815 605 897 684 quia
912 603 1098 683 aliquando

134 709 173 772 fit
196 729 299 771 causa
321 711 428 790 prolis
452 711 671 790 procreandae
695 710 738 770 ad
773 710 903 771 cultum
939 710 1097 771 divinum

133 819 225 878 sicut
240 815 306 878 fuit
322 818 356 876 in
373 818 524 896 antiquis
541 817 705 897 patribus
724 816 924 895 Aliquando
940 815 980 877 fit
994 836 1100 877 causa

133 923 297 984 reddendi
332 923 484 984 debitum
520 925 630 992 uxori,
655 943 683 982 r.
708 924 752 981 ad
776 924 846 983 Cor.
860 947 872 982 .·
909 925 962 983 vir
997 924 1097 984 uxori

134 1029 287 1090 debitum
311 1029 449 1099 reddat;
476 1031 540 1091 iste
564 1030 655 1090 enirn
679 1030 790 1090 coitus
817 1038 870 1090 est
890 1029 1035 1107 justitiae
1059 1039 1095 1090 et

135 1154 196 1214 per
218 1154 431 1215 consequens
455 1137 658 1196 meritorius
685 1171 726 1178 —-
744 1134 944 1216 Aliquando
962 1145 1015 1196 est
1031 1137 1098 1196 coi-

135 1251 192 1302 tus
215 1243 327 1310 licz'tus,
356 1243 492 1321 quando
516 1242 647 1303 scilicet
671 1242 773 1302 homo
796 1251 955 1303 movetur
972 1242 1015 1302 ad
1031 1243 1099 1302 coi·

135 1357 208 1408 tum
232 1348 446 1429 conjugalem
470 1367 574 1408 causa
601 1346 836 1409 fornicationis
859 1349 1021 1416 vitandae,
1047 1368 1098 1408 se-

134 1455 283 1515 cundum
308 1455 400 1534 quod
434 1454 517 1514 dicit
542 1454 734 1533 Apostolus
758 1473 785 1514 1.
811 1455 855 1513 ad
879 1455 949 1515 Cor.
963 1478 975 1513 .·
1010 1474 1096 1535 ergo

135 1562 372 1640 unusquisque
388 1579 485 1622 suam
501 1561 674 1640 propriam
691 1580 833 1622 uxorem
854 1561 978 1622 habeat
999 1580 1098 1641 prop-

135 1674 187 1726 ter
203 1664 459 1727 fornicationem
479 1667 664 1726 vitandam.
684 1664 812 1727 Iterum
825 1677 878 1727 est
897 1668 1008 1729 coitus
1020 1687 1099 1728 con-

130 1772 262 1852 jugalis
286 1774 473 1852 permissus
498 1770 632 1853 fragilis
661 1791 738 1832 cum
762 1773 887 1852 aliquis
918 1775 987 1834 coit
1018 1794 1097 1836 cum

136 1883 243 1939 uxore
277 1898 340 1940 sua
363 1879 548 1958 quaerendo
572 1881 607 1939 in
638 1898 680 1939 ea
703 1878 961 1940 delectationem
987 1899 1095 1950 suam,

135 2003 237 2062 quam
262 1985 296 2045 in
321 1984 387 2045 alia
411 2003 478 2045 non
507 1994 686 2064 quaereret,
711 1987 947 2064 postponendo
982 1995 1098 2047 tamen

135 2085 503 2153 delectationem'suam
517 2089 565 2151 illi
580 2090 796 2152 delectationi
808 2111 886 2172 quae
896 2102 948 2153 est
961 2093 995 2153 in
1008 2091 1095 2165 Deo;

133 2206 170 2257 et
193 2198 235 2257 ad
259 2198 363 2259 istum
387 2199 513 2258 coitum
531 2198 686 2276 sequitur
709 2207 896 2277 peccatum,
915 2200 996 2277 quia
1008 2199 1097 2260 dele·

135 2313 247 2365 ctatur
270 2305 304 2364 in
328 2316 491 2373 creatura,
516 2305 576 2365 sed
608 2315 722 2365 tamen
757 2305 892 2365 veniale
926 2324 967 2365 eo
1003 2306 1096 2384 quod

135 2412 311 2489 postponit
335 2409 428 2471 illam
453 2410 713 2471 delectationem
737 2412 767 2471 ei
792 2422 940 2491 quaeest
957 2413 992 2472 in
1008 2411 1095 2473 Deo

136 2552 178 2559 -
214 2514 278 2577 Est
311 2516 400 2577 alius
434 2516 545 2577 coitus
580 2518 638 2596 qui
675 2516 800 2578 dicitur
834 2520 970 2586 illicitus,
1006 2519 1097 2579 sicut

134 2622 271 2701 quando
295 2622 373 2701 quis
397 2623 465 2683 coit
488 2641 565 2683 cum
590 2641 698 2683 uxore
722 2642 786 2683 sua
815 2642 919 2686 causa
942 2624 1096 2685 libidinis

134 2728 317 2807 explendae
341 2729 430 2789 sicut
453 2727 579 2790 faceret
609 2714 686 2790 cum
718 2731 895 2791 meretrice
911 2732 1098 2811 quaerendo

133 2836 350 2896 meretriceas
373 2834 568 2903 blanditias,
604 2844 638 2895 et
667 2836 710 2895 ad
745 2836 849 2898 talem
883 2838 1010 2897 coitum
1046 2857 1096 2898 se·

134 2941 252 3019 quitur
274 2950 451 3020 peccatum
475 2941 627 3002 mortale.

224 3169 286 3229 Ao
316 3184 592 3231 Anounanrun
628 3174 661 3230 in
688 3174 881 3231 contrarium
913 3192 1003 3254 nego
1038 3175 1097 3233 mi-

134 3295 251 3335 norem.
277 3275 337 3337 Ad
353 3276 569 3353 probationem
594 3278 670 3339 dico
694 3279 786 3357 quod
809 3288 994 3359 perpetuus
1010 3298 1095 3341 usus

133 3382 287 3451 rationis,
313 3392 365 3443 est
388 3382 497 3462 majus
520 3384 648 3445 bonum
674 3403 776 3464 quam
799 3394 896 3445 actus
920 3385 1098 3464 cujuscun-

134 3506 202 3567 que
226 3488 385 3561 virtutis;
410 3498 443 3549 et
468 3490 544 3550 ideo
569 3491 627 3570 qui
651 3509 713 3569 per
728 3490 877 3570 aliquem
894 3501 1007 3552 actum
1031 3493 1098 3571 pri-

134 3602 232 3653 varet
255 3612 292 3653 se
316 3605 481 3675 perpetuo
505 3614 570 3655 usu
605 3597 758 3665 rationis,
783 3606 940 3675 peccaret
973 3608 1097 3659 morta·
