2600 4200
236 213 256 271 4
451 193 525 257 Lm.
550 193 603 256 IV
628 193 934 256 Sesrnxrmnrn

212 373 375 440 definitio
402 396 462 436 uno
479 376 565 435 modo
582 376 747 454 accipitur
763 385 801 435 ut
817 374 980 454 exprimit
1001 373 1085 453 quid
1097 393 1176 454 pro-

213 483 285 563 prie
306 493 405 546 extra
422 483 580 554 animam;
606 483 670 542 alio
693 473 789 549 modo,
818 492 856 543 ut
878 482 1041 560 exprimit
1065 500 1173 542 unum

212 599 414 670 conceptum
432 607 546 670 perse
563 591 597 651 in
616 587 802 658 intellectu,
819 590 894 650 sive
911 587 968 649 ille
983 597 1174 667 conceptus

212 698 258 757 sit
280 696 328 758 rei
353 706 452 758 extra
474 697 633 764 animam.
657 697 733 757 sive
757 696 908 760 rationis.
927 705 964 756 ut
979 696 1174 774 exponeba-

212 813 267 865 tur
290 821 352 865 ens
375 804 517 868 rationis
541 804 575 865 in
610 804 712 864 tertia
746 802 941 864 conditione
965 801 1038 882 ejus
1072 802 1173 882 cujus

212 920 264 972 est
286 908 448 974 definitio,

301 1016 411 1078 Primo
435 1019 535 1093 igilm
559 1018 655 1084 modo,
680 1016 891 1077 Sacramenti
917 1035 984 1076 non
1013 1025 1066 1077 est
1092 1013 1174 1076 defi-

212 1124 306 1188 nitio,
341 1123 402 1184 sed
436 1123 566 1184 secundo
594 1125 689 1190 modo,
718 1123 810 1203 quod
833 1133 948 1203 patet·
962 1125 1044 1202 quia
1060 1125 1172 1216 prima

211 1231 341 1290 conditio
365 1249 431 1292 uon
456 1231 616 1310 i1npedit;
642 1241 695 1292 est
718 1232 808 1291 enim
834 1230 1092 1291 Sacramentum
1109 1248 1172 1290 ens

211 1338 502 1418 positivumquod
526 1337 633 1417 probo
657 1338 767 1399 tribus
790 1337 1091 1418 propositionibus.

301 1443 415 1506 Prima
430 1455 483 1506 est
498 1443 567 1524 illa,
584 1445 677 1524 quod
694 1443 811 1508 Deum
816 1443 981 1524 possibile
992 1456 1045 1504 est
1055 1463 1172 1506 creare

211 1551 358 1630 aliquem
382 1549 539 1614 effectum
564 1551 772 1614 invisibilem
796 1552 1022 1632 pertinentem
1046 1551 1090 1612 ad
1120 1570 1172 1613 sa-

211 1657 326 1726 lutem,
351 1659 482 1722 scilicet
505 1659 654 1720 hominis
678 1659 828 1720 viatoris.
869 1656 915 1720 Et
941 1657 1015 1720 haec
1049 1677 1172 1739 propo

211 1766 290 1828 sitio
306 1774 410 1846 patet.
428 1766 607 1846 supposita
624 1768 873 1846 omnipotentia
889 1763 964 1834 Dei,
982 1765 1170 1829 secundum

210 1890 329 1934 omnes
353 1871 560 1954 Theologos‚
586 1881 623 1936 ut
647 1883 742 1953 patet
774 1873 843 1933 Lz'b.
868 1893 895 1933 r.
920 1872 989 1932 dist.
1018 1891 1069 1948 42.

299 1979 457 2044 Secunda
480 1981 670 2060 propositio
693 1990 756 2048 est.
791 1979 884 2059 quod
919 1978 1086 2060 possibile
1118 1989 1173 2041 est

211 2085 321 2150 Deum
346 2087 524 2149 instituere
548 2086 687 2167 aliquod
710 2087 849 2169 signum
873 2088 975 2150 etiam
1007 2086 1171 2150 sensibile

210 2195 253 2256 ad
276 2192 539 2275 significandum
564 2194 765 2275 praedictum
790 2190 957 2255 effectum.
994 2192 1066 2255 Ista
1096 2214 1172 2275 pro-

209 2303 334 2381 positio
372 2312 475 2382 patet‚
511 2304 591 2381 quia
624 2302 781 2363 homines
813 2312 975 2381 possunt*
993 2303 1172 2363 instituere

209 2410 310 2490 signa
333 2410 593 2470 rememorativa
616 2410 822 2487 praenostica
845 2420 878 2469 et
901 2409 1172 2472 demonstrativa

210 2516 252 2576 ad
268 2510 535 2597 significandum*
548 2534 629 2577 suos
645 2513 805 2587 effectus;
831 2534 915 2595 ergo
932 2514 1041 2578 multo
1056 2518 1170 2597 magis

210 2624 314 2685 Deus.
1176 2700 1183 2713 ο

299 2729 415 2790 'lertio
453 2732 641 2809 propositio
681 2742 743 2797 est.
783 2732 874 2809 quod
914 2731 1079 2810 possibile
1116 2739 1170 2791 est

211 2836 320 2897 Deum
345 2837 569 2898 determinare
593 2857 630 2899 se
655 2839 697 2899 ad
720 2838 970 2917 cooperandum
999 2836 1048 2897 illi
1065 2838 1169 2918 signo

210 2945 376 3012 instituto,
402 2955 439 3006 ut
463 2956 624 3024 sequatur
648 2942 789 3007 effectus
800 2946 871 3024 jam
889 2944 1085 3025 praedictus.
1103 2945 1168 3005 nisi

210 3052 372 3130 impediat
396 3052 612 3131 indispositio
647 3053 795 3113 hominis
829 3052 1057 3131 suscipientis.
1092 3050 1169 3112 lloe

209 3168 312 3236 patet.
338 3160 418 3239 quia
442 3160 490 3219 sic
515 3169 605 3220 esset
629 3158 793 3239 possibile
817 3161 852 3220 in
877 3159 985 3235 nobis.
1002 3143 1096 3238 q'uod
1112 3159 1171 3219 ali·

209 3264 287 3342 quis
311 3266 493 3327 instituens
516 3266 655 3347 signum
680 3263 821 3327 effectus
843 3266 897 3327 sui
920 3266 1170 3345 disponeretse

210 3390 343 3449 semper
367 3375 539 3453 cooperari
565 3376 676 3455 signo,
711 3374 774 3433 nisi
811 3372 990 3452 impediret
1024 3372 1167 3443 illecui

210 3476 435 3549 adhiberetur,
461 3491 543 3559 puta
568 3482 594 3543 si
621 3480 745 3559 aliquis
769 3482 936 3548 instituat,
971 3497 1034 3558 pro
1065 3481 1170 3560 signo

209 3584 304 3661 pacis
327 3595 360 3643 et
383 3584 642 3655 benevolorum,
668 3598 795 3647 tactum
820 3604 942 3648 manus
962 3586 1028 3647 uel
1060 3587 1172 3648 eleva·
