2600 4200
335 239 524 301 Drsrmcr.
550 239 603 301 ΙΙΙ
628 237 810 320 QuAEsrto
834 240 850 302 Ι
1013 263 1053 320 39

105 439 146 481 se
171 420 274 480 unius
298 419 388 479 entis
411 417 514 478 realis
543 419 725 498 compositi
750 418 888 480 realiter
918 419 1077 482 habentis

106 535 314 607 conceptum
339 525 567 586 universalem
592 543 653 586 seu
670 543 859 586 comunem.
877 523 983 606 Cujus
999 545 1078 588 con·

106 633 277 695 clusionis
322 631 586 692 declarationem
633 632 752 694 videas
798 633 833 693 in
885 635 1077 714 quaestione

108 759 225 820 supra.

201 845 344 906 Secunda
373 845 533 905 Conclusio
556 853 609 906 est
633 845 725 924 quod
749 845 918 926 Baptismi
943 856 996 908 est
1020 847 1078 908 ali·

109 973 181 1034 qua
203 955 291 1014 ratio
316 949 501 1022 definitiva,
526 953 609 1032 quia
632 961 685 1013 est
707 971 769 1014 ens
797 954 984 1032 positivum
1016 972 1077 1034 per

110 1079 149 1122 se
174 1078 279 1121 unum
305 1060 435 1120 unitate
458 1069 655 1139 conceptus,
691 1078 753 1121 nec
788 1069 842 1122 est
876 1061 1078 1141 simpliciter

110 1166 272 1246 simplex,
304 1175 339 1228 et
372 1166 475 1227 habet
497 1174 712 1246 conceptum
746 1185 976 1237 communem;
1016 1167 1078 1228 sed

109 1292 214 1334 omne
237 1273 306 1334 tale
322 1283 374 1334 est
390 1271 578 1345 definibile;
604 1291 689 1354 ergo
706 1273 876 1354 Baptismi
893 1283 945 1335 est
961 1273 1078 1354 aliqua

109 1378 278 1444 definitio.
547 1361 551 1366 ¹

211 1488 315 1548 Tertia
344 1485 504 1547 Conclusio
526 1496 588 1556 est,
613 1506 691 1567 quae
716 1489 761 1548 sit
784 1488 858 1568 ejus
885 1489 972 1549 ratio
999 1486 1079 1550 defi·

105 1595 233 1657 nitiva.
258 1592 329 1655 Ubi
353 1593 540 1655 notandum
553 1593 645 1674 quod
658 1593 858 1673 Baptismus
869 1603 922 1655 est
938 1596 1077 1675 signum

109 1699 286 1770 sensibile,
312 1708 346 1760 et
369 1709 407 1760 ut
430 1708 482 1760 est
506 1701 644 1782 signum
669 1701 832 1780 importat
865 1701 1076 1771 relationem,

109 1809 154 1869 de
180 1807 278 1886 cujus
300 1806 478 1868 relationis
501 1805 723 1868 fundamento
750 1826 935 1888 possumus
969 1808 1079 1890 dupli·

108 1917 199 1977 citer
222 1914 325 1994 loqui.
359 1914 429 1974 Uno
452 1915 548 1982 modo,
584 1915 677 1995 quod
711 1916 784 1995 ejus
818 1913 1076 1976 fundamentum

109 2026 159 2084 sit
191 2041 259 2082 non
295 2021 418 2090 solum,
442 2021 581 2092 ablutio,
618 2021 679 2082 sed
713 2023 816 2082 etiam
853 2022 966 2083 verba.
1003 2025 1079 2082 Atio

109 2130 210 2197 nendo,
239 2129 332 2209 quod
355 2130 429 2209 ejus
453 2127 712 2191 fundamentum
748 2132 793 2191 sit
827 2130 902 2190 sola
936 2130 1077 2198 abluti0,

110 2238 276 2318 quamvis
299 2236 423 2296 habeat
446 2236 513 2296 alia
535 2238 800 2297 concomitantia
822 2238 988 2298 rationem
1001 2235 1080 2297 defi-

110 2345 259 2406 nitivam
285 2342 465 2423 Baptismi,
479 2343 665 2404 secundum
682 2342 852 2423 duplicem
870 2346 1077 2424 opinionem,

110 2454 211 2512 sicut
229 2449 335 2510 verba
357 2449 490 2530 prolata
513 2468 590 2510 cum
615 2451 803 2511 intentione
827 2450 1031 2531 baptizandi.

205 2558 262 2616 Ad
268 2558 472 2634 propositum,
501 2557 530 2617 si
554 2565 711 2617 teneatur
726 2559 786 2616 isla
809 2560 861 2617 via
886 2559 1005 2624 ultima,
1022 2578 1080 2637 po-

110 2674 183 2726 test
195 2666 278 2743 poni
294 2662 375 2724 talis
390 2664 477 2725 ratio
496 2660 673 2724 definitiva
685 2663 864 2743 Baptismi.
879 2664 1079 2744 Baptismus

110 2780 169 2833 est
192 2771 323 2831 ablutio
347 2770 496 2831 hominis
520 2770 714 2850 aliqualiter
729 2772 974 2832 consentientis
990 2770 1081 2831 iacta

112 2878 158 2939 ab
184 2878 300 2957 aliquo
325 2878 359 2937 in
385 2896 473 2956 aqua
497 2876 656 2937 abluente
680 2877 744 2938 sub
768 2880 870 2938 certis
894 2879 1009 2939 verbis
1038 2880 1081 2939 si·

112 2984 189 3045 mul
213 3002 290 3043 cum
316 2984 503 3043 intentione
526 2983 641 3044 debita
663 2982 866 3063 proferente,
881 2984 1080 3065 significans

112 3088 299 3152 efficaciter
322 3108 367 3150 ex
391 3090 605 3150 institutione
628 3090 748 3151 divina
770 3090 979 3151 ablutionem
1013 3094 1082 3151 ani-

113 3215 183 3259 mae
206 3216 227 3256 a
249 3204 398 3277 peccato.
425 3232 466 3239 -
491 3193 529 3257 Si
551 3205 665 3257 autem
682 3205 838 3257 teneatur
853 3200 919 3256 alia
935 3200 996 3264 vrb,
1019 3199 1081 3257 sci·

114 3304 198 3365 licet
221 3302 314 3382 quod
338 3302 443 3377 verba
454 3320 531 3363 cum
544 3302 718 3364 ablutione
730 3314 810 3364 sunt
822 3301 1080 3364 fundamentum

113 3410 299 3489 Baptismi,
324 3418 406 3469 tunc
429 3418 543 3489 potest
566 3404 647 3489 poni
673 3408 739 3469 alia
772 3412 860 3470 ratio
894 3410 1079 3489 Baptismi:

114 3516 319 3595 Baptismus
342 3523 395 3576 est
418 3512 676 3577 Sacramentum
701 3514 886 3577 ablutionis
909 3516 1033 3576 animae
1062 3534 1083 3574 a

113 3629 261 3704 peccato
284 3622 476 3683 consistens
500 3622 535 3682 in
558 3621 733 3682 ablutione
756 3623 906 3683 hominis
930 3620 1082 3700 aliquali·
