2600 4200
298 232 487 296 D1srntcr.
514 230 638 295 XLIX
667 229 818 313 Qumsa.
843 229 896 293 ΙΙΙ
1003 246 1064 310 395

219 417 277 478 Ad
295 418 448 475 rationem
470 424 584 478 autem
601 414 741 476 alterius
753 414 935 495 opinionis,
952 414 1089 493 quando

130 526 255 587 dicitur
278 524 370 604 quod
393 523 532 584 cuilibet
556 522 626 583 doti
651 531 704 583 est
720 523 897 603 assignare
913 522 1089 602 proprium

129 629 287 695 effectum
311 640 346 692 et
369 640 482 692 actum
506 629 705 700 secundum,
740 629 816 690 dico
841 629 932 709 quod
964 626 1096 704 falsum

131 749 193 811 est,
217 740 299 819 quia
321 737 579 818 impassibilitas
603 736 733 798 nullum
758 747 870 797 actum
902 735 1089 798 secundum

130 848 242 910 habet.
267 845 305 909 Si
330 846 441 907 dicas:
466 846 570 906 immo
593 844 695 905 habet
707 844 873 905 rationem
886 844 1088 924 prohibendi

131 955 337 1017 contrarium
368 973 444 1014 esse
478 953 638 1021 activum,
674 952 750 1012 dico
784 952 877 1031 quod
910 951 1090 1032 prohibere

132 1063 283 1123 actiones
306 1069 414 1130 extra,
439 1079 506 1121 non
529 1068 582 1121 est
615 1060 715 1128 actio,
751 1061 840 1121 sicut
871 1079 932 1120 nec
963 1059 1088 1121 coelum

131 1169 206 1251 agit
228 1167 440 1249 prohibendo
463 1167 631 1229 elementa
654 1185 757 1248 agere
781 1166 816 1226 in
840 1185 886 1228 se.

223 1382 363 1446 lertio
397 1381 541 1460 omacio
574 1389 628 1442 est
643 1389 649 1398 ⁴
663 1380 823 1443 Doctoris
859 1380 977 1450 nostri,
1010 1399 1088 1460 quae

132 1490 197 1552 tria
219 1488 378 1550 declarat.
404 1488 522 1556 Primo,
551 1488 643 1568 quod
666 1487 829 1568 possibile
853 1497 906 1548 est
930 1487 997 1548 duo
1021 1506 1091 1549 cor·

129 1617 215 1677 pora
237 1615 313 1658 esse
337 1595 449 1657 simul.
475 1596 624 1662 Secundo,
653 1595 745 1674 quod
769 1595 834 1656 hoc
862 1595 927 1656 erit
950 1613 1012 1675 per
1034 1595 1090 1656 do-

131 1712 200 1766 tem
224 1703 434 1765 subtilitatis.
468 1703 578 1771 Tertio,
607 1703 636 1763 si
661 1703 724 1763 dos
748 1701 948 1764 subtilitatis
964 1702 1010 1763 sit
1033 1701 1092 1763 ali·

100 1813 106 1822 ’
132 1830 200 1893 qua
222 1810 371 1892 qualitas
395 1812 430 1872 in
454 1829 606 1890 corpore.

221 1919 273 1979 De
292 1920 401 1996 primo
435 1917 511 1978 dico
545 1917 638 1998 quod
673 1936 740 1978 non
775 1926 828 1978 est
862 1916 1092 1998 repugnantia

131 2024 285 2087 formalis
308 2027 397 2087 inter
420 2025 645 2106 quantitatem
669 2033 704 2085 et
727 2025 963 2105 quantitatem,
981 2031 1019 2085 ut
1035 2043 1092 2105 pa·

131 2136 199 2197 tuit
221 2153 325 2214 supra
348 2134 383 2193 in
413 2132 638 2214 responsione
673 2132 716 2192 ad
750 2142 991 2213 argumentum
1026 2133 1092 2213 pri·

131 2261 199 2303 mae
222 2242 404 2321 opinionis,
430 2238 468 2303 Si
492 2258 576 2321 ergo
600 2248 693 2301 esset
723 2238 839 2320 aliqua
861 2240 1092 2321 repugnantia

131 2368 152 2409 a
175 2348 349 2409 simultate
372 2345 471 2408 locali
504 2347 648 2407 duorum
684 2366 876 2426 corporum,
900 2347 965 2408 hoc
1000 2355 1091 2408 esset

87 2491 95 2505 ·
133 2455 215 2535 quia
238 2454 303 2515 ista
326 2454 394 2515 duo
418 2454 473 2513 ubi
505 2454 624 2515 dicunt
646 2454 803 2515 diversos
838 2461 1014 2534 respectus
1048 2453 1091 2514 ad

132 2560 278 2622 eundem
302 2562 485 2622 terminum
511 2608 518 2630 ‚
543 2569 577 2621 et
600 2580 668 2621 non
692 2569 869 2641 respectus
892 2562 927 2621 in
955 2580 992 2622 se
1015 2579 1092 2621 con·

132 2669 276 2740 trarios;
301 2687 385 2749 ergo
408 2675 555 2748 possunt
581 2687 657 2729 esse
674 2668 742 2729 duo
759 2678 935 2748 respectus
951 2668 1007 2729 vel
1023 2667 1091 2729 duo

133 2776 191 2837 ubi
216 2777 251 2838 in
286 2775 423 2836 duobus
457 2774 658 2854 corporibus
685 2784 843 2856 respectu
878 2776 980 2836 unius
1015 2774 1090 2835 loci.
1199 2802 1205 2819 ·

133 2882 220 2943 Item
243 2893 339 2963 patet
361 2882 425 2943 hoc
449 2900 494 2942 ex
517 2882 585 2943 alio
609 2883 705 2961 prius
728 2883 830 2951 dicto,
848 2881 978 2943 seilicet
999 2882 1091 2969 quod

133 2989 393 3070 impossibilitas
417 2989 653 3050 coexistentiae
676 2989 828 3068 corporis
840 2989 884 3049 ad
907 3007 1031 3068 corpus
1056 2990 1090 3050 in

133 3094 306 3158 simultate
330 3115 397 3156 non
422 3103 475 3156 est
497 3096 564 3156 nisi
588 3114 702 3156 causae
724 3096 767 3156 ad
783 3097 978 3175 oppositum
996 3091 1092 3156 effec-

45 3197 50 3280 j
133 3212 189 3264 tus
213 3204 277 3272 sui,
301 3203 358 3264 vel
382 3203 471 3264 sicut
493 3203 618 3283 prioris
634 3202 834 3263 naturaliter
849 3202 893 3263 ad
908 3203 1089 3283 posterius;

133 3309 194 3370 sed
216 3327 321 3370 causa
343 3317 457 3389 potest
479 3328 554 3370 esse
578 3310 653 3370 sine
677 3306 798 3374 effectu
830 3328 902 3379 su0‚
927 3317 962 3369 et
995 3310 1091 3390 prius

47 3397 51 3452 '.
132 3416 335 3498 naturaliter
357 3417 432 3477 sine
455 3416 659 3496 posteriori;
684 3434 778 3497 ergo.

49 3506 52 3516 ¹
223 3524 274 3583 De
295 3524 425 3583 secundo
449 3522 525 3585 dico
559 3522 653 3603 quod
687 3520 762 3583 haec
796 3521 1007 3601 possibilitas
1042 3540 1092 3583 es·

53 3693 56 3702 ,
132 3630 229 3691 sendi
254 3630 322 3691 duo
345 3650 488 3711 corpora
511 3629 615 3692 simul
637 3630 703 3691 erit
726 3648 788 3709 per
810 3629 924 3690 dotem
960 3629 1092 3690 subtili-

1038 3767 1066 3810 26
