2600 4200
173 279 177 285 Ι
218 199 282 274 366
434 194 508 256 Lm.
536 194 586 255 IV
611 193 917 256 Snnranrmnuu

194 375 286 454 gelis
308 383 482 454 ponuntur
505 375 579 435 sine
602 375 826 444 necessitate;
852 374 969 454 igitur.
996 374 1165 436 Probatio

195 483 340 549 minoris,
368 483 451 561 quia
473 491 595 543 natura
618 482 685 541 ista
708 478 915 542 sufficienter
938 481 1045 542 habet
1066 485 1101 543 in
1128 501 1165 544 se

194 588 286 649 unde
310 588 479 668 attingere
502 587 613 668 possit
635 587 680 648 ad
703 585 946 667 perfectionem
970 591 1163 668 propriam.

286 693 467 764 Praeterea,
492 696 526 754 in
539 693 634 754 nulla
646 704 768 755 natura
790 703 843 754 est
855 696 1053 774 ponendum
1066 696 1164 774 quod

195 802 341 884 derogat
364 801 437 880 ejus
460 801 620 882 dignitati
645 801 711 862 nisi
737 802 783 861 sit
806 800 948 862 evidens
972 819 1017 862 ex
1040 801 1163 882 aliquo

195 908 414 969 convenienti
437 907 497 968 tali
532 917 675 976 natum,
700 926 744 968 ex
768 926 796 966 2.
823 907 874 966 De
892 913 1035 984 generat.
1049 931 1064 974 ,·
1099 909 1162 968 sed

196 1016 264 1075 ista
287 1014 403 1093 opinio
427 1012 569 1074 vilificat
598 1023 755 1075 naturam
787 1015 910 1074 animae
935 1012 1161 1078 intellectivae

196 1121 327 1201 absque
350 1121 466 1200 aliqua
489 1120 679 1190 evidentia:
704 1138 799 1200 ergo
825 1119 987 1180 Probatio
1012 1122 1156 1188 minoris,

197 1247 267 1288 non
290 1229 381 1288 enim
405 1236 459 1288 est
481 1224 714 1306 imperfectior
736 1228 851 1287 anima
873 1236 1032 1306 separata
1055 1245 1160 1306 quam

197 1334 388 1414 conjuncta,
413 1335 517 1395 immo
542 1332 678 1394 videtur
701 1329 893 1413 perfectior,
919 1333 999 1413 quia
1033 1351 1161 1412 corpus

182 1441 291 1520 'quod
314 1441 544 1519 corrumpitur
566 1448 739 1520 aggravat
762 1439 932 1510 animam;
960 1438 1021 1499 sed
1045 1439 1162 1500 anima

143 1551 150 1563 '
197 1547 378 1626 conjuncta
411 1555 525 1626 potest
559 1546 734 1625 acquirere
772 1545 968 1624 hujusmodi
1003 1547 1158 1624 species;

197 1655 315 1734 igitur.

288 1759 470 1829 Praetcrea‚
495 1759 594 1839 plura
623 1759 814 1820 accidentia
846 1759 996 1838 ejusdem
1032 1760 1158 1838 speciei

197 1886 267 1928 non
302 1877 448 1946 possunt
480 1885 556 1928 esse
586 1864 700 1936 simul,
736 1865 923 1929 secundum
956 1866 1062 1935 istos;
1100 1865 1160 1926 sed

198 1973 324 2053 lapidis
348 1975 480 2053 species
504 1973 635 2052 objecto
660 1951 773 2034 infusa
795 1982 849 2032 est
864 1971 1015 2051 ejusdem
1033 1971 1159 2052 speciei

198 2099 277 2142 cum
301 2082 415 2161 specie
450 2079 661 2161 intelligibili
696 2079 865 2159 acquisita
899 2080 942 2140 ab
976 2080 1091 2141 anima
1126 2081 1160 2141 in

198 2207 361 2268 corpore;
387 2188 442 2248 vel
466 2207 550 2269 ergo
574 2190 641 2249 ista
665 2185 778 2249 infusa
808 2206 877 2248 non
907 2188 1034 2267 poterit
1058 2198 1160 2256 stare,

200 2295 257 2356 vel
281 2304 416 2373 oportet
439 2295 539 2354 istam
576 2294 779 2373 acquisitam
814 2312 883 2355 non
918 2312 1064 2355 manere.
1090 2292 1162 2357 Sed

200 2401 286 2462 illud
310 2400 496 2461 secundum
520 2410 573 2460 est
597 2398 732 2471 falsum,
757 2401 839 2480 quia
862 2419 939 2462 cum
967 2401 1159 2480 subjectum

198 2509 375 2588 proprium
400 2507 493 2568 illius
516 2508 641 2586 speciei
667 2509 714 2568 sit
736 2505 1003 2587 incorruptibile.
1028 2508 1164 2586 etipsa

199 2617 333 2695 species
357 2634 402 2675 ex
426 2633 463 2674 se
497 2614 607 2694 possit
643 2613 915 2693 incorruptibilis
948 2632 1161 2692 permanere,

199 2723 356 2802 sequitur
386 2721 478 2801 quod
505 2722 580 2800 ipsa
606 2721 766 2782 manebit.
792 2719 905 2801 Igitur
931 2737 999 2780 non
1023 2719 1163 2781 dabitur

200 2828 258 2888 isti
282 2848 303 2887 a
325 2828 401 2888 Deo
425 2828 480 2889 vel
503 2828 627 2908 angelo
644 2827 759 2907 aliqua
774 2828 906 2905 species
923 2826 1057 2905 lapidis.
1072 2826 1162 2887 Dico

199 2953 285 3015 ergo
308 2934 401 3012 quod
423 2935 537 2995 anima
552 2944 709 3014 separata
725 2942 839 3013 potest
855 2934 1030 3014 acquirere
1045 2935 1164 3015 cogni-

199 3042 329 3102 tionem
353 3041 476 3120 objecti
500 3041 595 3122 prius
618 3041 740 3121 ignoti,
757 3042 838 3120 quia
854 3041 967 3102 activo
980 3038 1160 3101 sufficienti

200 3158 236 3209 et
259 3149 399 3227 passivo
423 3146 602 3210 sufficienti
627 3144 833 3241 sufficienter
844 3148 1093 3226 approximatis
1104 3166 1164 3225 po-

201 3265 271 3317 test
292 3255 389 3334 sequi
414 3252 576 3325 effectus3
600 3254 709 3315 sedin
721 3254 835 3315 anima
846 3262 1004 3333 separata
1014 3252 1161 3313 habente

201 3361 371 3441 objectum
405 3361 703 3441 proportionaliter
737 3360 801 3421 sibi
837 3377 991 3441 praesens
1021 3377 1163 3421 concur-

200 3478 282 3529 nint
305 3469 420 3529 omnia
441 3477 598 3549 respectu
621 3468 830 3549 cognitionis
842 3466 1073 3539 abstractivae3
1098 3466 1163 3547 igi-

200 3584 278 3647 tur;
302 3586 365 3637 etc.
446 3633 450 3641 .
