2600 4200
262 255 324 316 124
501 238 576 336 Lm.
601 238 647 301 111
673 237 967 332 Summuranum

234 463 304 506 rem
328 453 360 505 et
383 442 576 519 inferiorem,
601 443 664 506 suit
685 443 728 506 ibi
751 443 888 518 tristitia,
913 445 989 526 quia
1000 444 1127 507 tristitia
1149 453 1200 508 est

236 552 277 613 de
300 550 420 636 nolit03
444 551 501 613 sed
525 551 676 613 voluntas
700 549 820 614 Christi
843 550 997 614 naturalis
1020 550 1152 613 nolebat
1176 551 1200 614 i-

226 666 319 734 stam
333 658 526 739 passionem,
540 657 616 738 quia
638 666 707 720 erat
720 657 965 720 disconveniens
977 678 1045 720 suae
1059 666 1195 731 naturae;

233 783 314 846 ergo
337 764 368 824 in
387 764 450 826 hoc
472 773 540 826 erat
552 764 690 826 tristitia.
716 763 816 826 Unde
828 763 910 826 sicut
933 763 1103 845 projiciens
1120 783 1202 826 mer-

233 869 342 931 ces‘in
368 889 456 932 mare
490 870 677 952 simpliciter
713 890 778 932 non
803 871 873 933 vult
896 870 973 951 quia
1007 869 1202 952 proponitur

234 975 295 1037 sibi
320 985 356 1038 ut
380 977 514 1052 malum,
540 977 672 1039 ulterius
688 976 764 1058 quia
788 977 981 1060 proponitur
1001 977 1060 1039 sibi
1085 985 1120 1038 ut
1143 997 1201 1039 ne-

232 1082 408 1145 cessarium
432 1092 564 1166 propter
587 1083 758 1148 vitandum
776 1084 968 1166 periculum,
992 1093 1024 1146 et
1047 1083 1093 1146 sic
1116 1084 1197 1158 vult,

234 1189 278 1250 ita
302 1199 352 1252 est
375 1189 406 1251 in
431 1190 615 1272 proposito;
641 1210 718 1254 nam
754 1191 997 1273 proponebatur
1032 1190 1138 1272 passio
1161 1200 1199 1254 ut

235 1295 482 1359 disconveniens
506 1305 641 1372 naturae,
665 1307 698 1360 et
721 1297 767 1360 sic
789 1298 941 1360 voluntas
964 1297 1117 1360 naturalis
1143 1317 1201 1364 no-

234 1402 339 1480 lebat,
375 1404 431 1466 sed
455 1412 568 1486 postea
599 1404 844 1487 proponebatur
868 1413 904 1466 ut
927 1403 1103 1468 necessaria
1138 1425 1199 1485 pro

232 1510 457 1592 redemptione
469 1510 596 1592 generis
620 1510 765 1585 humani,
790 1520 822 1574 et
846 1511 890 1574 sic
907 1511 1057 1574 voluntas
1080 1510 1198 1574 delibe-

234 1615 335 1678 rativa
358 1617 499 1680 volebat.
525 1615 647 1698 Opinio
673 1615 762 1681 Scoti
786 1615 838 1680 hic
861 1617 1034 1680 dimittitur
1058 1617 1135 1698 quia
1151 1617 1198 1682 ni-

237 1723 299 1785 mis
322 1733 370 1786 est
394 1723 522 1805 prolixa
544 1732 577 1786 et
599 1724 675 1787 duae
701 1724 824 1786 ultimae
856 1723 1085 1787 rationabiliter
1108 1713 1198 1792 susti·

234 1829 301 1890 neri
325 1839 471 1910 possunt.

309 1927 576 2005 Verumtamen
600 1946 715 2000 contra
740 1937 889 2000 ultimam
902 1936 1090 2018 opinionem
1115 1936 1197 2020 obji

232 2040 323 2105 ciunt
345 2043 443 2125 aliqui
467 2053 580 2107 contra
603 2043 845 2107 distinctionem
869 2063 935 2125 qua
965 2043 1082 2107 dicitur
1106 2045 1196 2127 quod

234 2151 385 2212 voluntas
409 2160 516 2232 potest
538 2151 640 2234 accipi
665 2172 725 2234 pro
748 2152 917 2213 voluntate
940 2151 1150 2214 deliberativa
1165 2160 1196 2215 et

233 2275 293 2337 pro
317 2257 486 2319 voluntate
509 2258 657 2331 naturali,
682 2258 761 2321 etin
786 2258 848 2321 isto
861 2257 977 2321 ultimo
1001 2278 1067 2321 non
1091 2257 1194 2323 fuitin

230 2362 342 2425 anima
366 2362 484 2426 Christi
507 2362 601 2427 dolor
624 2364 680 2445 qui
704 2373 753 2427 est
776 2364 912 2427 tristitia.

304 2467 423 2533 Contra
448 2470 538 2533 illud
556 2470 735 2553 arguitur:
760 2471 975 2552 praedicatum
1000 2490 1065 2534 non
1079 2472 1195 2536 dicitur

231 2575 273 2638 de
288 2574 436 2657 subjecto
448 2576 571 2639 ratione
583 2576 720 2658 alicujus
733 2578 823 2659 quod
846 2578 1086 2641 accidentaliter
1103 2579 1194 2653 inest,

231 2683 289 2744 sed
312 2683 429 2745 accidit
451 2685 611 2746 voluntati
634 2685 725 2765 quod
748 2684 969 2766 conjungatur
992 2706 1070 2748 cum
1093 2706 1194 2769 appe·

231 2789 293 2851 ritu
317 2789 488 2869 sensitivo;
512 2810 591 2873 ergo
615 2790 688 2853 licet
712 2792 863 2855 voluntas
885 2791 1011 2854 dicatur
1042 2790 1196 2855 naturalis

231 2895 355 2959 ratione
378 2896 461 2958 illius
483 2896 732 2978 conjunctionis
765 2918 830 2961 non
855 2907 988 2981 propter
1012 2898 1075 2962 hoc
1099 2899 1196 2971 debet

231 3001 293 3064 dici
317 3003 358 3064 de
381 3004 548 3067 voluntate
572 3005 665 3067 dolor
688 3005 739 3068 vel
763 3004 900 3069 tristitia.

298 3109 483 3173 Dicendum
507 3110 646 3192 quodsi
670 3112 822 3175 voluntas
845 3110 1006 3175 diceretur
1030 3111 1197 3178 naturalis

230 3234 275 3277 ex
289 3214 351 3276 hoc
376 3217 510 3296 praecise
521 3218 610 3300 quod
634 3217 846 3301 conjungitur
859 3218 1019 3300 appetitui
1032 3218 1195 3293 sensitiv0,

231 3320 313 3381 sicut
337 3322 474 3403 opinans
497 3323 623 3386 videtur
647 3325 763 3399 dicere,
778 3334 856 3388 tunc
879 3322 1044 3387 distinctio
1068 3345 1134 3388 non
1149 3345 1197 3389 es

231 3435 280 3489 set
296 3427 398 3504 bona;
423 3430 479 3491 sed
502 3430 666 3493 distinctio
678 3440 726 3493 est
749 3430 794 3495 sic
807 3431 996 3514 accipienda
1019 3433 1111 3515 quod
1123 3452 1196 3515 pos-

230 3552 303 3593 sum
328 3536 530 3598 considerare
552 3536 755 3599 voluntatem
780 3548 816 3600 ut
840 3538 968 3621 respicit
992 3538 1118 3602 bonum
1139 3538 1197 3601 ab

231 3636 336 3699 solute
359 3648 392 3701 et
414 3642 608 3705 convenIens
631 3652 767 3719 naturae,
781 3653 814 3708 et
836 3644 881 3707 sic
904 3644 1021 3709 dicitur
1042 3646 1195 3711 voluntas
