2600 4200
230 234 290 292 232
466 214 540 275 Lm,
567 212 618 273 IV
643 211 949 275 Ssxruurmxux

202 401 239 454 et
262 392 411 454 mundus
434 392 477 453 ad
500 411 537 453 se
562 388 661 452 'vocet
685 392 812 452 multos
839 392 926 452 solet
960 393 1174 471 poenitentia

203 502 356 563 serotina
379 499 544 578 decipere.

294 607 462 673 Proeterea,
491 614 619 685 quanto
643 602 769 685 aliquis
793 606 907 666 minus
930 615 983 666 est
1005 605 1173 666 dominus

204 716 258 777 sui
283 723 380 775 actus
402 721 498 773 tanto
532 712 717 791 requiritur
751 713 917 773 intensior
950 710 1173 790 displicentia

203 821 249 883 ad
272 821 337 881 hoo
360 819 452 901 quod
476 820 521 880 sit
543 818 724 898 dispositio
747 815 919 879 sufficiens
953 817 995 878 ad
1029 817 1172 879 deletio-

204 945 283 989 nem
307 926 439 1007 culpae;
465 925 525 986 sed
549 926 614 986 iste
637 926 696 1005 qui
720 933 773 986 est
797 926 831 986 iu
863 926 1027 985 extremis
1053 926 1171 987 minus

202 1042 258 1097 est
281 1034 440 1094 dominus
464 1032 515 1093 sui
540 1042 637 1092 actus
661 1032 843 1100 interioris,
857 1032 937 1111 quia
953 1031 1048 1092 nullo
1064 1030 1171 1093 modo

201 1150 257 1202 est
280 1140 440 1201 dominus
463 1139 515 1200 sui
540 1147 638 1199 actus
661 1139 843 1200 exterioris
867 1136 910 1199 ad
933 1138 1168 1219 peccandum;

204 1266 291 1328 ergo
314 1247 508 1326 requiritur,
533 1244 720 1305 secundum
737 1245 889 1307 strictam
914 1246 1094 1326 justitiam,
1120 1247 1171 1307 in·

206 1353 335 1414 tensior
350 1361 465 1413 motus
476 1350 703 1431 displicentiae
719 1351 763 1412 ad
770 1350 1049 1432 justificationem
1066 1354 1169 1415 istius

205 1479 308 1540 quam
333 1460 375 1520 ad
396 1457 674 1539 justificationem
700 1460 785 1525 sani.
809 1478 886 1519 cum
912 1461 972 1519 vix
985 1460 1095 1537 possit
1111 1459 1170 1519 ha-

202 1567 286 1628 bere
309 1585 408 1646 aeque
443 1567 624 1626 intensum.
650 1563 695 1625 Et
730 1564 817 1626 hanc
851 1566 1017 1627 rationem
1053 1568 1168 1647 tangit

205 1672 429 1754 Augustinus
464 1675 496 1731 in
521 1674 636 1731 litera:
663 1670 753 1752 Age,
779 1672 900 1752 inquit,
925 1673 1166 1752 poenitentiam

202 1780 286 1840 dum
312 1799 416 1840 sanus
439 1799 496 1850 es;
522 1781 550 1839 si
575 1781 623 1839 sic
648 1779 726 1859 agis
749 1796 890 1839 securus
920 1798 967 1848 es,
992 1781 1074 1859 quia
1096 1798 1169 1858 poe·

205 1887 383 1947 nitentiam
408 1888 511 1967 egisti
536 1885 672 1966 quando
707 1904 848 1965 peccare
870 1886 1023 1965 potuisti.
1048 1882 1086 1947 Si
1112 1888 1168 1946 vis

202 2011 309 2074 agere
332 1994 569 2072 poenitentiam
594 1992 732 2071 quando
751 1992 821 2072 jam
853 2010 993 2072 peccare
1017 2010 1085 2052 non
1109 2010 1169 2071 po·

203 2109 267 2169 tes,
293 2110 373 2161 tunc
397 2109 536 2180 peccata
560 2109 593 2159 te
616 2098 828 2168 dimiserunt,
854 2118 921 2160 non
946 2109 983 2161 tu
1007 2097 1075 2160 illa.

295 2260 357 2320 Au
387 2271 660 2320 ARGUMENTUM
686 2261 719 2317 in
741 2261 934 2318 contrarium
961 2259 1037 2321 dico
1072 2261 1167 2339 quod

204 2366 266 2428 illa
281 2368 506 2447 praesumptio
522 2383 590 2425 non
606 2365 779 2426 concludit
795 2365 1072 2435 demonstrative,
1085 2368 1169 2446 quia

206 2473 286 2534 licet
309 2483 347 2534 ut
371 2475 405 2533 in
430 2473 648 2551 paucioribus
672 2482 706 2532 et
729 2469 909 2533 difficulter
921 2472 1034 2534 valeat
1058 2475 1169 2552 poeni-

206 2581 314 2640 tentia
337 2581 371 2640 in
396 2580 560 2640 extremis
591 2579 633 2638 ad
669 2578 824 2647 salutem,
849 2587 962 2639 tamen
1001 2579 1168 2658 possibile

203 2694 259 2746 est
282 2686 347 2747 hoc
370 2687 516 2746 evenire.
535 2683 580 2745 Et
597 2686 673 2745 ideo
690 2685 815 2745 ibidem
832 2685 915 2747 dicit
931 2684 1166 2766 Augustinus:

207 2811 276 2852 non
300 2793 375 2852 dieo
400 2792 492 2871 quod
515 2792 701 2860 serabitur,
719 2792 779 2851 sed
796 2809 857 2852 nec
874 2791 951 2852 dico
967 2791 1058 2870 quod
1075 2792 1168 2852 dam·

207 2899 353 2966 nabitur,
378 2898 524 2977 quiade
549 2909 668 2957 neutro
694 2907 806 2976 potest
830 2897 932 2957 homo
948 2916 1023 2957 esse
1040 2909 1166 2968 certus

203 3024 301 3085 ergo,
327 3015 389 3065 etc.

567 3197 749 3279 Qum-suo
773 3197 816 3260 ΙΙ.

308 3343 363 3401 Ad
382 3344 545 3401 sermidam
574 3342 783 3415 choeslr'onem
806 3344 849 3401 sic
867 3343 1064 3418 procedilm':

297 3483 444 3544 Videtur
468 3484 559 3562 quod
581 3495 660 3563 post
691 3483 778 3544 hanc
813 3485 918 3544 vitam
954 3502 1021 3544 non
1056 3487 1168 3564 possit

202 3590 333 3651 dimitti
359 3590 498 3669 aliquod
532 3601 719 3669 peccatum,
755 3593 835 3669 quia
870 3591 985 3651 nullus
1017 3593 1168 3654 moriens
