2600 4200
271 269 332 345 146
524 269 597 331 Lru.
624 269 670 331 111
696 269 988 332 Saunuunnnuu

241 473 305 538 hoc
327 494 394 536 non
406 475 501 547 valet,
525 475 601 556 quia
618 475 686 556 pari
703 475 826 537 ratione
842 485 949 556 potest
969 475 1031 538 dici
1047 477 1089 538 de
1105 477 1204 539 beatis

240 582 331 662 quod
354 581 508 643 continue
532 592 706 654 merentur,
732 581 820 663 quod
845 592 893 646 est
917 580 1044 644 falsum.

308 683 372 753 Ad
406 691 681 774 argumentum
716 687 912 773 opinionis
946 690 1063 751 dicitur
1104 691 1205 752 mutti-

239 795 371 876 pliciter.
396 794 512 856 Primo
535 795 599 856 slc:
625 795 785 878 quidquid
810 805 857 858 est
882 795 1057 859 nobilitatis
1079 806 1128 859 est
1153 819 1204 879 po

240 903 384 964 nendum
413 901 444 964 in
481 901 612 966 Christo
647 903 673 963 si
705 902 763 964 sibi
800 922 866 965 non
902 914 1065 985 repugnat
1087 903 1204 967 habere
1277 902 1278 980 3

241 1009 296 1070 tali
321 1009 438 1083 modo;
463 1009 519 1071 sed
544 1007 675 1071 Christo
699 1017 860 1091 repugnat
885 1009 1002 1089 habere
1023 1009 1204 1073 fruitionem
1277 1033 1278 1044 ¹

240 1137 284 1178 ex
310 1114 433 1187 merit0,
458 1115 535 1196 quia
558 1115 591 1176 in
616 1115 746 1178 Christo
769 1126 837 1178 erat
861 1126 928 1179 tarn
949 1118 1076 1178 excelsa
1108 1118 1204 1180 beati·

242 1223 334 1295 tudo,
360 1222 449 1303 quod
474 1242 530 1303 per
555 1223 708 1285 meritum
732 1223 854 1305 acquiri
879 1243 942 1286 non
968 1233 1105 1305 poterat.

312 1328 457 1391 Secundo
480 1327 596 1390 dicitur
619 1338 653 1391 et
681 1329 803 1402 melius,
828 1330 918 1410 quod
942 1331 973 1392 in
1010 1330 1139 1393 Christo
1163 1340 1206 1392 est

246 1436 435 1517 ponendum
460 1434 621 1516 quidquid
643 1446 693 1498 est
716 1435 920 1518 perfectionis
943 1439 968 1498 si
992 1437 1051 1498 sibi
1076 1458 1141 1500 non
1167 1457 1206 1499 re·

245 1551 372 1624 pugnat
395 1543 445 1604 vel
469 1563 537 1604 suae
555 1542 715 1623 dignitati.
741 1543 838 1605 Nunc
861 1553 971 1605 autem
997 1543 1116 1607 habere
1139 1544 1205 1606 frui-

245 1650 368 1711 tionem
392 1669 436 1709 ex
460 1649 581 1710 meritis
605 1659 767 1731 repugnat
802 1649 951 1730 dignitati
977 1649 1105 1724 Christi,
1129 1671 1206 1732 quo-

246 1756 333 1818 niam
346 1755 422 1836 quia
440 1756 592 1817 meritum
605 1757 761 1837 praecedit
773 1757 958 1837 praemium,
973 1766 1051 1820 tunc
1066 1757 1207 1821 Christus

246 1863 439 1944 proaliquo
474 1863 605 1924 instanti
642 1883 707 1924 non
744 1862 856 1925 habuit
894 1862 1080 1926 fruitionem
1111 1884 1205 1945 quam

247 1970 372 2043 meruit,
398 1970 488 2050 quod
511 1978 559 2031 est
573 1969 809 2032 inconveniens.

319 2076 423 2139 I'ertio
448 2076 539 2139 ritodo
562 2076 679 2140 dicitur
703 2078 791 2159 quod
823 2078 905 2141 sicut
941 2077 1057 2141 diversi
1093 2077 1208 2160 gradus

245 2184 389 2246 entitatis
423 2182 545 2245 faciunt
579 2185 621 2246 ad
657 2185 808 2247 decorem
845 2186 993 2259 universi,
1031 2186 1075 2247 ita
1098 2183 1208 2247 diversi

248 2291 337 2351 modi
362 2289 502 2352 habendi
538 2291 676 2373 gloriam
712 2290 833 2353 faciunt
868 2293 909 2354 ad
945 2294 1096 2355 decorem
1123 2291 1209 2354 istius

247 2408 367 2472 status;
408 2397 481 2459 ideo
519 2398 618 2479 aliqui
655 2398 775 2459 habent
810 2399 946 2481 gloriam
983 2420 1059 2461 cum
1085 2398 1208 2465 meritis.
1278 2382 1279 2389 ἵ

247 2504 346 2585 aliqui
371 2526 457 2577 vem,
482 2505 564 2566 sicut
588 2504 745 2578 Christus,
770 2505 837 2569 sine
862 2506 999 2583 meritis3
1024 2506 1122 2569 etsie
1147 2524 1209 2567 non
1278 2492 1279 2503 ἶ

252 2610 369 2672 meruit
392 2612 450 2672 sibi
476 2609 672 2675 fruitionem.

316 2712 393 2783 Sed
405 2716 566 2784 diceres:
583 2738 766 2800 numquam
784 2740 863 2801 ergo
876 2719 996 2801 aliquid
1010 2720 1070 2783 sibi
1083 2718 1211 2781 meruit?

253 2823 439 2886 Dicendum
463 2825 552 2906 quod
576 2826 629 2890 sic.
659 2824 722 2889 Sed
757 2825 836 2907 quid
860 2826 900 2888 sit
932 2827 1019 2901 illud,
1045 2827 1127 2889 circa
1149 2824 1211 2887 hoc

250 2941 326 2991 sunt
350 2932 425 2992 duae
442 2932 626 3012 opiniones:
658 2933 728 2995 (saza
744 2942 792 2994 est
806 2932 971 3015 Magistri
993 2934 1025 2995 in
1042 2934 1142 2995 littera
1157 2930 1212 3012 qui

253 3037 330 3098 dicit
362 3038 451 3118 quod
488 3039 606 3100 meruit
638 3040 756 3101 animae
795 3049 827 3101 et
862 3040 1007 3121 corporis
1041 3037 1213 3122 impassibi-

260 3144 392 3207 litatem.
428 3144 564 3206 Animae
607 3146 739 3227 quidem
775 3146 1065 3228 impassibilitatem
1090 3144 1213 3213 meruit.

151 3325 156 3338 .
258 3250 335 3330 quia
360 3249 431 3312 licet
465 3251 505 3312 sit
540 3251 744 3333 impassibilis
779 3262 939 3334 quantum
968 3255 1009 3315 ad
1033 3252 1213 3335 portionem

251 3356 462 3436 superiorem,
486 3368 533 3419 est
557 3367 668 3420 tamen
704 3360 877 3440 passibilis'
895 3361 926 3422 in
963 3371 1055 3441 parte
1078 3358 1213 3423 inferiori

251 3462 301 3524 vel
327 3464 484 3543 portione,
509 3474 541 3526 et
558 3465 847 3546 impassibilitatem
865 3466 962 3547 hujus
979 3466 1132 3549 portionis
1155 3464 1215 3527 sibi

253 3570 380 3633 meruit.
406 3570 515 3631 Etiam
541 3572 658 3633 meruit
682 3572 740 3634 sibi
762 3573 1050 3655 impassibilitatem
1075 3572 1216 3652 corporis

253 3672 287 3732 in
311 3675 558 3751 resurrectione,
594 3686 630 3738 ut
665 3680 822 3759 probatur
857 3700 914 3761 per
945 3680 1142 3763 Apostolum
1172 3676 1219 3741 ad
