2600 4200
237 248 429 310 Drsrrucr.
456 249 537 312 xlx
559 259 592 312 et
616 251 682 312 XX
707 249 853 332 Qumsr.
879 254 893 316 1
988 268 1044 333 151

179 449 315 522 Contra
331 449 542 521 seeundum
557 453 837 524 conclusionem
855 457 1005 540 objicitur
1016 460 1071 528 sic,

123 560 185 639 quia
206 570 284 622 tunc
308 561 458 625 Christus
481 582 546 623 non
572 565 691 626 meruit
726 565 819 626 nobis
846 566 983 646 gratiam
1009 567 1072 646 pri-

124 686 197 729 mam
221 677 253 730 et
276 669 418 752 gratiam
447 669 684 750 baptismalem,
709 671 785 753 quia
808 682 955 753 respectu
991 673 1074 734 illius

124 793 176 836 uon
197 795 327 838 eramus
349 775 504 857 dispositi.

177 989 281 1054 Ideo
304 990 473 1056 dabitur
492 991 673 1053 secundum
698 991 794 1052 aliam
831 991 1017 1072 opinionem
1042 993 1074 1054 in

123 1115 177 1174 qua
198 1107 273 1158 sunt
296 1097 365 1158 duo
380 1098 583 1160 declaranda.
601 1097 717 1160 Primo
737 1100 907 1179 quomodo
928 1098 1076 1162 Christus

124 1203 229 1264 meruit
244 1214 405 1284 quantum
421 1205 465 1266 ad
480 1205 723 1280 sufficientiam
747 1206 884 1267 secundo
906 1207 1076 1286 quomodo

125 1311 230 1371 meruit
251 1321 412 1392 quantum
436 1312 479 1372 ad
501 1313 689 1375 efficaciam.

179 1414 236 1484 De
254 1416 384 1502 przino
407 1419 524 1480 dicitur
557 1420 647 1500 quod
684 1419 836 1480 meritum
865 1419 982 1483 Christi
1011 1441 1077 1481 non

124 1519 174 1584 luit
194 1523 369 1587 formaliter
396 1524 559 1587 infinitum
593 1526 651 1587 sed
676 1523 814 1587 finitum.
840 1525 1077 1588 Verumtamen

122 1639 165 1690 est
184 1631 349 1694 sciendum
373 1633 463 1714 quod
488 1651 587 1694 omne
609 1643 755 1694 creatum
781 1633 813 1693 in
846 1644 1006 1714 quantum
1030 1643 1078 1695 est

123 1736 248 1799 volitum
264 1760 284 1800 a
300 1741 374 1801 Deo
390 1739 422 1800 in
438 1749 568 1800 tantum
584 1748 632 1801 est
648 1739 784 1814 bonum,
799 1741 950 1802 meritum
966 1749 1077 1802 autem

123 1842 231 1905 Christi
254 1846 326 1907 licet
349 1846 392 1907 sit
425 1844 564 1919 finitum,
592 1855 783 1927 acceptatur
814 1855 923 1908 tamen
960 1868 978 1907 a
1008 1847 1079 1908 Deo

123 1957 268 2032 tanquam
292 1951 467 2025 infinitum,
492 1952 565 2014 ideo
588 1953 706 2014 sufficit
730 1972 790 2034 pro
811 1951 942 2014 infinitis
965 1963 1077 2014 exten-

123 2054 191 2122 sive.

181 2162 235 2232 De
255 2163 420 2233 secundo
443 2166 518 2228 dico
540 2167 631 2248 quod
656 2166 803 2230 Christus
829 2167 944 2229 meruit
976 2168 1080 2229 omni-

122 2268 177 2333 bus
197 2284 356 2355 quantum
381 2275 423 2335 ad
446 2274 624 2335 efficaciam
649 2273 714 2336 hoc
739 2274 856 2349 modo;
875 2294 950 2335 nam
979 2274 1081 2335 incar-

121 2380 203 2441 natio
224 2380 341 2444 Christi
366 2390 399 2441 et
422 2380 492 2461 ejus
515 2381 622 2461 passio
646 2402 712 2442 non
736 2379 866 2442 fuerunt
898 2381 1081 2443 occasiona-

122 2483 184 2546 liter
207 2488 352 2568 praevisae
375 2488 433 2549 sed
456 2488 499 2549 ab
522 2496 646 2549 aeterno
671 2487 865 2549 videbantur
889 2508 908 2549 a
933 2488 1015 2560 De0,
1038 2488 1081 2548 ita

121 2593 203 2671 quod
227 2594 315 2656 Deus
338 2594 497 2655 intellexit
513 2615 547 2657 se
563 2604 721 2675 tanquam
747 2604 915 2655 summum
933 2594 1074 2669 bonum;

122 2697 303 2763 insecundo
319 2702 415 2782 signo
431 2700 588 2763 intellexit
605 2721 720 2764 omnes
736 2709 921 2777 creaturas;
939 2701 970 2761 in
988 2702 1082 2762 tertio

121 2804 209 2886 signo
227 2808 351 2889 aliquos
375 2807 524 2869 homines
540 2807 789 2889 pradestinavit
805 2816 837 2868 et
854 2808 937 2868 circa
954 2808 1082 2889 aliquos

120 2908 228 2974 habuit
251 2925 363 2977 actum
403 2913 615 2996 negativum
653 2915 685 2975 in
720 2922 838 2995 quarto
873 2915 967 2995 signo
1002 2914 1083 2977 vidit

120 3017 238 3099 aliquos
259 3042 390 3083 casuros
421 3022 453 3082 in
478 3021 614 3101 Adam;
650 3020 683 3082 in
719 3022 835 3103 quinto
869 3021 1008 3101 providit
1042 3022 1083 3082 do

119 3127 254 3189 remedio
276 3149 392 3190 eorum
416 3128 585 3209 quomodo
622 3128 857 3190 redimerentur
882 3149 938 3208 por
964 3128 1083 3209 passio-

120 3251 191 3293 nem
216 3233 284 3296 Filii
307 3236 358 3297 sui
381 3245 539 3315 tanquam
564 3256 621 3316 per
646 3235 809 3297 meritum.

181 3340 409 3404 sardicens:
433 3341 512 3423 quid
536 3341 630 3404 nobis
655 3340 802 3403 Christus
827 3342 971 3402 meruit?
997 3340 1080 3402 Dico

118 3448 204 3527 quod
231 3450 342 3511 meruit
367 3448 461 3511 nobis
487 3449 641 3530 quinque,
667 3448 785 3509 scilicet
822 3448 945 3529 peccati
971 3448 1080 3508 remis-

117 3553 259 3630 sionem;
282 3556 427 3618 secundo
451 3554 565 3637 gratiae
589 3554 807 3631 infusionem;
844 3554 938 3616 tertio
974 3575 1084 3635 poenae

119 3671 250 3723 aeternae
272 3671 304 3723 et
326 3661 513 3744 temporalis
544 3661 765 3723 dimissionem
780 3681 787 3736 ;
823 3668 941 3741 quarto
976 3660 1085 3721 diabo·
