2600 4200
228 223 293 280 400
346 205 352 216 ’
461 200 536 264 Lm.
561 199 614 264 IV
638 199 945 266 Suuruunuuuu

203 383 329 443 bonum
347 401 449 462 quam
466 384 579 442 omnis
601 392 765 453 creatura,
802 391 839 444 ut
873 382 1010 444 deducit
1038 383 1167 444 Ansel·

203 507 280 550 mus
304 487 375 548 Lib.
405 489 471 548 Cur
493 489 582 548 Deus
605 489 694 548 homo
717 507 765 549 21.

292 593 361 656 Sed
384 594 551 674 quidquid
576 596 620 656 sit
651 596 693 656 de
729 593 966 665 Conclusione,
1001 597 1078 658 istae
1115 615 1169 656 ra·

203 697 325 763 tiones'
348 721 416 762 non
450 701 667 762 concludunt.
693 702 806 762 Prima
841 722 922 764 non:
958 721 1034 764 cum
1069 705 1166 764 enim

203 809 327 869 dicitur
350 808 384 868 in
409 810 527 885 majori
547 808 639 887 quod
663 807 808 888 quilibet
831 817 966 870 tenetur
977 810 1090 890 magis
1113 807 1168 870 fu·

203 935 284 997 gere
308 925 383 983 etc„
407 914 557 975 concedo
580 916 610 975 si
634 916 680 975 sit
703 916 822 975 eodem
857 916 958 976 modo
992 926 1027 977 et
1061 935 1167 996 aeque

202 1021 380 1103 diligibile‚
406 1040 498 1082 mors
522 1030 635 1082 autem
659 1031 713 1083 est
744 1021 870 1083 directe
901 1032 1021 1085 contra
1044 1025 1165 1094 vitam,

201 1139 236 1190 et
259 1137 377 1190 contra
399 1129 527 1189 bonum
551 1127 642 1208 quod
667 1137 719 1191 est
743 1131 855 1210 magis
875 1130 1046 1211 diligibile
1069 1131 1167 1210 quod

201 1244 254 1296 est
277 1237 359 1305 vita,
383 1244 417 1296 et
440 1236 490 1295 sic
513 1234 739 1316 intelligenda
762 1245 815 1297 est
838 1237 905 1297 ista
920 1239 1111 1316 propositio
1124 1247 1166 1298 ut

201 1342 280 1422 plus
303 1342 412 1423 diligo
436 1344 503 1403 isto
526 1341 627 1402 modo
654 1341 775 1421 pedem
810 1362 923 1403 meum
959 1363 1060 1423 quam
1086 1364 1166 1423 pro-

202 1451 334 1510 ximum
358 1468 482 1518 meum,
506 1457 677 1509 ettamen
702 1448 799 1510 laesio
827 1449 925 1529 pedis
959 1451 1073 1510 minus
1108 1461 1166 1511 est

201 1554 366 1638 fugienda
389 1576 491 1636 quam
516 1556 613 1616 laesio
637 1556 796 1635 proximi.
822 1553 967 1635 Quando
994 1576 1079 1638 ergo
1115 1559 1165 1619 di·

201 1665 289 1725 citur
324 1667 357 1724 in
392 1665 527 1722 minori:
561 1662 653 1743 quod
687 1672 741 1723 est
775 1673 893 1725 contra
926 1663 1049 1730 Deum.
1081 1665 1162 1726 dico

201 1771 293 1851 quod
318 1791 385 1831 non
409 1770 528 1831 eodem
551 1770 654 1831 modo
678 1780 730 1832 est
760 1779 879 1831 contra
913 1770 1025 1832 Deum
1060 1771 1165 1852 culpa

201 1888 327 1948 nostra,
352 1877 523 1958 quomodo
553 1898 615 1936 non
638 1898 703 1937 esse
736 1887 789 1938 est
822 1886 941 1938 contra
975 1878 1162 1948 hominem,

201 1987 283 2066 quia
305 1993 444 2065 propter
470 1983 606 2064 culpam
640 2003 709 2045 non
744 1984 932 2045 destruitur
965 1984 1062 2046 Deus
1097 2005 1161 2047 nec

201 2091 340 2172 aliquod
363 2092 602 2153 detrimentum
626 2089 665 2152 fit
693 2093 723 2153 oi
748 2093 837 2153 sicut
860 2113 921 2152 non
944 2102 1084 2154 esseest
1107 2094 1164 2156 de-

201 2202 397 2262 trimentum
422 2218 545 2267 meum,
569 2208 605 2259 et
627 2199 773 2260 destruit
796 2218 872 2260 esse
896 2200 930 2260 in
955 2218 1043 2261 eum.

290 2308 346 2367 Ad
364 2306 530 2365 secundam
555 2308 707 2365 rationem
732 2315 846 2386 potest
869 2307 934 2367 dici
948 2307 1040 2386 quod
1057 2310 1165 2385 major

200 2424 254 2475 est
277 2432 359 2474 vera
381 2414 503 2473 ceteris
526 2414 676 2492 paribus,
702 2413 832 2474 scilicet
855 2413 947 2493 quod
959 2413 1070 2493 majus
1093 2433 1164 2475 ma·

201 2522 271 2583 lum
305 2529 358 2581 ost
391 2522 504 2601 magis
538 2518 740 2601 fugiendum
775 2521 857 2599 quia
894 2522 1044 2581 carentia
1078 2522 1160 2583 boni

201 2628 308 2689 dehiti
331 2635 384 2687 est
407 2628 519 2707 magis
542 2627 670 2688 malum
695 2646 795 2707 quarn
821 2629 971 2688 carentia
1002 2648 1069 2688 non
1105 2629 1162 2689 de·

200 2736 273 2804 biti,
298 2734 358 2795 sed
392 2736 515 2795 ceteris
541 2735 691 2814 paribus,
717 2734 847 2796 scilicet
869 2734 962 2814 quod
989 2733 1090 2814 culpa
1113 2737 1162 2799 sit

201 2844 351 2904 carentia
372 2842 454 2902 boni
478 2841 594 2911 debiti,
619 2850 653 2902 et
677 2861 737 2901 non
760 2862 825 2901 esse
848 2842 893 2903 sit
916 2842 1066 2902 carentia
1089 2861 1158 2903 non

201 2950 316 3019 debiti,
341 2948 594 3029 praesupposito
616 2950 707 3010 bono
730 2950 866 3028 utrique
883 2948 982 3019 malo
1000 2958 1080 3010 tunc
1094 2970 1160 3009 mo-

191 3059 258 3135 jor,
287 3065 325 3117 ut
345 3057 473 3118 dictum
500 3065 562 3127 est,
590 3066 642 3117 est
667 3076 767 3128 vero;
793 3055 853 3116 sed
877 3054 1006 3116 nullum
1031 3057 1159 3118 bonum

200 3173 314 3244 potest
340 3164 558 3243 praesupponi
589 3163 668 3223 huie
692 3161 782 3223 malo
805 3162 898 3242 quod
921 3171 973 3223 ost
996 3183 1058 3222 non
1080 3184 1155 3231 esse,

200 3283 407 3332 tamencum
425 3271 576 3332 debitum
599 3279 743 3331 esseest
765 3270 893 3331 bonum
910 3289 978 3330 non
995 3270 1158 3341 debitum,

200 3380 281 3459 quia
303 3398 379 3440 esse
414 3387 465 3439 est
499 3379 646 3458 primum
670 3378 808 3445 bonum,
823 3377 899 3438 ideo
923 3397 984 3436 non
1007 3397 1072 3436 esse
1087 3376 1159 3437 nul·

199 3487 269 3548 lum
283 3487 521 3566 praesupponit
532 3486 671 3555 bonum,
684 3493 718 3545 et
731 3485 807 3546 ideo
820 3504 887 3545 non
901 3484 1055 3565 sequitur
1067 3483 1158 3563 quod

200 3595 245 3655 sit
268 3595 381 3675 magis
405 3592 601 3674 eligendum
619 3613 680 3653 non
704 3610 894 3673 essequam
918 3592 950 3651 in
974 3591 1064 3669 culpa
1082 3610 1157 3652 esse.
