2600 4200
198 221 234 287 16
419 217 493 288 Lm.
520 215 571 286 tv
596 215 903 288 Summuranum

171 423 280 484 virtus
303 419 421 484 divina
444 439 522 501 quae
547 431 599 482 est
628 439 732 482 causa
760 423 892 501 gratiae,
925 429 959 481 et
989 421 1134 482 devotio

169 528 398 608 suscipientis,
422 529 510 590 sicut
541 547 602 609 per
633 528 745 589 simile
779 538 882 608 patet,
918 527 1056 607 quando
1088 527 1132 589 ad

170 635 310 698 verbum
336 633 454 696 Elisaei
479 634 633 696 Naaman
660 655 698 696 se
722 635 858 696 lavante
881 636 990 697 astitit
1018 636 1131 696 virtus

169 743 286 804 divina
309 739 466 803 effectiva
490 743 658 812 sanitatis,
683 741 777 804 nulla
807 753 921 803 tamen
945 742 1131 804 causalitas

169 847 233 911 fuit
258 851 291 910 in
318 849 422 910 uerbo
447 847 577 918 Elisaei,
602 869 714 929 neque
738 851 771 910 in
796 868 886 929 aqua
899 849 1067 928 Jordanis.
1087 886 1128 892 —

169 955 371 1036 Accipiatur
394 955 449 1016 hic
473 955 515 1016 de
539 955 672 1017 duabus
696 955 825 1017 ultimis
849 956 926 1022 viis,
951 974 1029 1035 quae
1050 954 1131 1036 plus

170 1062 290 1143 placet.

259 1275 321 1338 AD
345 1287 586 1336 ARGUMENTA
604 1276 917 1345 I'RINCIPALIA,(10
933 1275 1133 1337 sacramen*

169 1385 214 1446 tis
238 1401 338 1444 nova*
366 1393 399 1443 et
423 1383 549 1444 veteris
573 1382 673 1463 legiS,
693 1383 763 1463 jam
788 1392 881 1463 patet
904 1403 948 1443 ex
972 1381 1084 1444 dictis.

515 1701 697 1783 QuAEscio
720 1700 782 1763 IV.

274 1883 329 1943 Ad
349 1889 494 1961 quartam
524 1881 733 1956 Quaestionem
758 1882 802 1941 sz'c
819 1881 1025 1958 proceditur:

258 2024 405 2088 Videtur
428 2025 520 2105 quod
544 2025 578 2084 ln
606 2021 873 2086 Circumcisione
897 2042 964 2084 non
982 2025 1134 2085 remitte·

169 2136 268 2195 batur
292 2142 467 2213 peccatum
492 2132 671 2212 originale,
695 2133 776 2211 quia
798 2131 900 2211 culpa
922 2127 990 2192 non
1016 2134 1133 2193 remit·

169 2244 252 2303 titur
276 2241 341 2301 nisi
354 2240 488 2321 justitia
504 2240 664 2319 opposita
679 2240 897 2305 restituatur:
922 2238 983 2299 sed
994 2238 1132 2318 justitia

169 2348 348 2429 originalis
372 2366 439 2408 non
464 2347 656 2408 restituitur
678 2347 713 2407 in
729 2344 1015 2417 Circumcisione;
1032 2364 1128 2426 ergo.

258 2453 320 2515 Au
344 2466 458 2515 mmai
494 2465 748 2529 Qumsuoxmr
784 2470 908 2533 ponam
942 2461 1012 2512 tres
1042 2450 1131 2514 Con-

169 2562 349 2622 clusiones.

259 2668 371 2727 Prima
384 2676 436 2728 est
452 2666 543 2747 quod
561 2668 594 2728 in
612 2664 878 2728 Circumcisione
893 2666 1130 2727 remittebatur

170 2784 345 2854 peccatum
381 2773 559 2854 originale.
596 2772 763 2839 Probatur,
803 2774 884 2853 quia
917 2773 961 2832 ad
982 2772 1075 2833 Rom.»
1096 2792 1127 2849 4.

170 2901 272 2962 super
296 2881 355 2942 illo
379 2882 505 2942 verbo:
545 2878 761 2960 signaculum
797 2880 927 2959 accepit
957 2880 1130 2941 circumci-

170 2990 286 3058 sionis
311 2988 394 3049 dicit
417 2988 544 3069 glossa,
569 2987 661 3066 quod
686 2987 719 3047 in
744 2986 1002 3047 circumcisione
1017 2988 1130 3048 remit·

170 3095 304 3157 tebatur
330 3105 516 3175 peccatum.
553 3092 650 3162 Item,
686 3092 910 3175 Augustinus
944 3094 1012 3155 Lib.
1037 3112 1067 3153 2.
1091 3095 1130 3153 de

170 3204 287 3280 nuptiis
310 3209 340 3261 et
360 3204 611 3279 coucupiscentia,
650 3202 753 3262 dicit:
788 3202 1001 3262 circumcisio
1036 3202 1131 3262 insti·

170 3318 244 3370 tuta
266 3318 318 3370 est
342 3310 377 3370 in
400 3309 529 3389 populo
553 3308 617 3369 Dei
654 3309 697 3369 ad
731 3309 965 3369 remissionem
1001 3310 1131 3371 veteris

170 3418 320 3495 peccati;
346 3416 406 3477 sed
430 3425 530 3476 vetus
553 3424 729 3495 peccatum
758 3425 810 3475 est
833 3423 1008 3495 peccatum
1026 3416 1131 3496 origi-

172 3522 247 3583 nale
261 3544 267 3593 ;
292 3542 385 3603 ergo.
401 3559 441 3567 -
455 3522 550 3591 Item,
569 3522 665 3583 Deus
676 3540 850 3602 nunquam
868 3522 1004 3603 reliquit
1016 3541 1131 3605 genus

170 3628 355 3689 humanum
380 3630 507 3707 absque
531 3630 681 3691 remedio
705 3630 897 3703 necessario
913 3628 955 3691 ad
971 3630 1130 3700 salutem:
