2600 4200
238 223 301 298 378
476 220 551 281 Lm.
577 217 630 281 IV
655 213 962 281 Saursnrmuuu

214 506 328 584 ipsum
352 505 533 585 praecedet.

303 609 348 672 In
372 623 459 672 1sra
483 609 720 690 Quasnonn
736 612 845 688 primo
868 619 920 670 est
936 610 1136 671 videndum
1159 609 1185 670 si

213 717 364 781 mundus
387 718 594 799 purgabitur
615 737 678 797 per
701 719 827 799 ignem.
853 717 1004 785 Secundo,
1034 719 1121 797 quis
1138 726 1188 776 est

216 825 275 886 ille
299 825 402 908 ignis.
436 826 548 892 Tertio,
587 835 754 904 quantum
790 822 959 885 ascendet.
990 825 1132 899 Qraarto,
1160 824 1187 884 si

214 932 388 1012 praecedet
405 951 454 1006 ⁴an
479 940 642 1012 sequatur
662 931 837 1011 judicium.
921 926 926 934 '

311 1145 371 1210 De
393 1144 538 1224 primo
572 1144 649 1206 dico
684 1145 777 1224 quod
815 1145 873 1204 sic.
900 1143 976 1205 Hoc
1003 1145 1189 1224 probatur,
1288 1145 1292 1171 ¹

207 1255 318 1330 primo
352 1253 553 1315 auctoritate
587 1251 680 1312 Petri
716 1254 750 1310 in
774 1269 802 1310 2.
835 1271 902 1311 can.
927 1257 992 1328 cap.
1014 1270 1047 1327 3.
1064 1275 1079 1310 .·
1106 1251 1186 1312 coeli

215 1358 374 1420 ardentes
397 1359 585 1426 solventur,
610 1357 780 1420 elementa
812 1377 894 1418 vero
929 1357 1050 1418 ardore
1090 1357 1188 1438 ignis

215 1465 405 1526 tabescunt.
431 1501 472 1509 —
498 1463 585 1525 Item
611 1464 705 1524 Isaice
739 1466 793 1524 ult.
819 1463 990 1525 Dominus
1026 1465 1061 1525 in
1102 1465 1186 1545 igne

215 1573 341 1634 veniet.
366 1571 519 1632 -Item
544 1590 606 1650 per
628 1579 766 1632 sanctos
790 1579 824 1631 et
847 1571 996 1632 maxime
1023 1589 1088 1649 per
1113 1571 1186 1631 Au·

217 1678 396 1760 gustinum
419 1699 444 1737 c.
460 1697 510 1739 20.
537 1679 588 1737 De
610 1679 668 1736 civ.
695 1677 767 1737 Dei.
786 1713 827 1720 —
852 1675 938 1737 Item
955 1677 1019 1737 hoc
1035 1686 1092 1737 est
1107 1695 1186 1757 pos·

216 1783 326 1852 sibile,
351 1783 433 1863 quia
456 1803 523 1845 non
541 1783 685 1845 includit
700 1783 1013 1845 contradictionem.
1032 1819 1074 1827 -
1094 1782 1180 1844 Item

215 1867 281 1951 hoc
305 1899 358 1951 est
381 1890 592 1959 rationabile,
618 1890 700 1970 quia
723 1890 781 1950 ubi
798 1899 850 1950 est
867 1889 1045 1950 innovatio
1061 1891 1098 1951 in
1115 1908 1182 1950 me

215 1995 284 2059 lius
304 1976 354 2058 ¹ibi
378 2006 431 2057 est
454 1997 630 2077 purgatio;
657 1995 717 2056 sed
734 1995 882 2056 mundus
899 1995 1121 2057 innovabitur
1145 1997 1179 2056 in

216 2103 360 2175 melius;
386 2122 470 2185 ergo
494 2104 708 2185 purgabitur.
737 2099 807 2165 Sed
841 2104 1002 2184 purgatio
1037 2103 1182 2164 debetur

216 2210 387 2272 elemento
399 2211 512 2291 magis
528 2212 641 2271 activo
656 2230 662 2281 ;
688 2210 887 2313 taleoautem
904 2209 1111 2271 elementum
1128 2217 1180 2270 est

217 2319 332 2398 ignis;
359 2318 475 2399 igitur.

307 2527 371 2592 De
392 2530 571 2593 sectando
602 2526 812 2617 Autobulo
831 2528 956 2590 dicitur
988 2528 1178 2608 tripliciter.

224 2636 295 2695 Uno
318 2632 414 2704 modo,
443 2636 535 2715 quod
559 2634 616 2695 ille
640 2635 734 2715 ignis
761 2619 814 2695 est
847 2636 942 2695 rivus
978 2635 1104 2715 igneus
1138 2635 1180 2696 de

216 2761 310 2805 novo
333 2751 478 2812 creatus,
498 2729 599 2821 juxta
621 2740 707 2802 illud
724 2740 894 2803 Danielis:
912 2738 1038 2801 fluvius
1055 2742 1180 2822 igneus

217 2849 426 2929 rapidusque
450 2832 690 2928 egredicbatur
714 2868 734 2907 a
757 2845 852 2908 facie.
878 2844 924 2907 Et
939 2848 1109 2927 sequitur:
1130 2848 1182 2927 ju·

217 2956 344 3017 dicium
379 2951 460 3015 lecit
493 2964 527 3015 et
561 2948 639 3014 lib'ri
675 2954 783 3033 aperti
811 2961 901 3014 sunt.
927 2987 969 2996 -
993 2954 1070 3012 Alio
1093 2954 1181 3012 modo

218 3062 343 3123 dicitur
381 3060 472 3139 quod
510 3061 575 3121 erit
612 3058 740 3121 fluvius
763 3060 887 3141 igneus
922 3077 983 3139 per
1016 3060 1180 3121 virtutem

138 3184 141 3191 ·
217 3186 399 3247 corporum
423 3167 614 3227 coelestium
647 3176 841 3247 generatus.
867 3202 909 3209 —-
942 3166 1044 3225 Tertio
1078 3166 1175 3233 modo,

218 3294 319 3355 quem
344 3276 446 3335 etiam
472 3292 605 3352 sequor,
631 3272 756 3333 dicitur
778 3273 871 3353 quod
894 3274 984 3334 sicut
999 3274 1034 3333 in
1046 3272 1179 3332 diluvio

217 3400 287 3443 non
311 3388 392 3443 sunt
415 3398 516 3440 novae
540 3398 639 3457 aquae
663 3388 798 3449 creatae,
834 3378 894 3440 sed
928 3379 1057 3439 eaedem
1093 3380 1180 3457 ipsae

217 3487 456 3567 multiplicatae
490 3495 524 3546 et
559 3483 671 3545 fontes
706 3486 822 3567 abyssi
859 3486 967 3565 aperti
1003 3495 1093 3553 sunt,
1129 3486 1180 3545 sic

217 3593 436 3687 credo'quod
459 3611 526 3653 non
551 3591 663 3653 solum
688 3594 782 3673 ignis
804 3594 863 3672 qui
887 3600 940 3653 est
975 3593 1010 3653 in
1042 3591 1180 3671 sphaera

1170 327 1180 332 “
1265 324 1277 356 Ι

303 398 343 459 ln
373 401 546 476 oppositum
580 407 633 459 est
668 397 753 458 illud
788 397 935 460 Psalmi:
972 399 1075 480 ignis
1111 411 1184 458 ante
1273 396 1280 449 ¹:
