2600 4200
226 235 268 308 64
364 227 387 282 '.
453 231 528 292 Lm.
555 231 605 292 IV
631 228 937 293 Suuraurrnnuu

204 413 278 492 pori
305 411 347 471 ad
371 419 558 490 peccatum.
582 410 627 470 Et
641 411 738 487 prim
764 410 933 470 intellectus
962 418 1015 471 est
1045 408 1164 480 falsus,

204 518 285 598 quia
310 517 447 597 quando
471 517 560 578 inter
583 517 699 596 aliqua
722 535 790 577 non
814 526 867 576 est
889 514 1044 577 formalis
1069 535 1166 597 repu-

203 625 357 706 gnantia,
382 642 489 685 unum
512 621 701 684 formaliter
724 642 792 684 non
816 621 907 684 tollit
930 621 1033 684 aliud.
1057 623 1168 702 Major

203 741 318 812 patet:
346 733 452 790 minor
481 729 655 809 probatur,
690 731 772 810 quia
795 748 872 791 curn
907 730 1020 811 gratia
1053 731 1100 792 sit
1129 731 1165 792 in

203 839 327 908 anima,
352 835 461 898 fomes
485 837 597 898 autem
624 838 660 898 in
685 856 796 906 carne.
821 845 1003 917 quaesunt
1028 837 1166 899 diversa

203 944 366 1025 subjecta,
393 963 460 1005 non
493 951 639 1023 possunt
671 941 860 1004 formaliter
886 962 1090 1026 repugnare.
1123 979 1164 988 -—

205 1051 385 1114 Secundus
409 1050 603 1112 intellectus
627 1068 731 1112 verus
754 1061 816 1120 est,
841 1062 875 1111 et
898 1051 1038 1130 ponitur
1053 1069 1167 1112 exem·

203 1159 298 1238 plum
323 1158 365 1218 de
389 1155 507 1237 lapillo
539 1157 682 1238 alligato
713 1156 778 1219 alis
809 1157 955 1236 aquilae;
988 1167 1168 1237 quantum·

203 1283 338 1344 cunque
369 1274 499 1325 crescat
530 1265 641 1325 virtus
679 1265 810 1325 motiva
843 1263 979 1344 aquilae,
1010 1265 1166 1345 gravitas

204 1370 313 1451 lapilli
338 1372 372 1431 in
397 1389 434 1431 se
461 1389 529 1432 non
561 1371 737 1440 minuitur,
769 1372 851 1450 quia
882 1372 949 1431 ista
979 1369 1166 1456 formaliter

188 1497 273 1544 ,non
297 1486 511 1558 repugnant;
536 1477 597 1538 sed
620 1478 708 1538 bene
730 1478 896 1538 minuitur
926 1485 1091 1557 quantum
1122 1478 1165 1538 ad

204 1583 374 1654 effectum,
399 1585 480 1664 quia
502 1594 669 1664 quantum
692 1585 804 1645 virtus
831 1583 957 1664 aquilae
988 1583 1067 1663 plus
1098 1603 1166 1646 cre-

190 1701 325 1760 sceret,
349 1701 481 1752 tanturn
506 1692 663 1772 gravitas
686 1690 922 1752 illa-volatum
950 1691 1075 1772 aquilae
1107 1693 1165 1752 mi·

206 1818 272 1860 nus
296 1798 484 1878 impediret.

296 1903 431 1965 Dicitur
447 1905 553 1984 igitur
567 1903 609 1964 ad
626 1892 717 1964 hunc
734 1901 931 1965 Articulum
944 1904 1036 1984 quod
1051 1905 1164 1983 quoad

206 2011 423 2091 Baptismum
455 2011 610 2090 sequitur
642 2010 771 2090 triplex
794 2007 946 2082 effectus
971 2019 1010 2071 ut
1035 2010 1167 2072 scilicet

206 2120 333 2179 dictum
359 2129 421 2187 est,
445 2117 651 2179 characteris
675 2118 866 2198 impressi0,
891 2119 1012 2198 gratiae
1039 2116 1167 2179 infusio

206 2236 240 2285 et
274 2222 403 2285 fomitis
437 2225 616 2304 repressio
658 2260 700 2268 -
741 2225 904 2298 Quantum
937 2226 982 2283 ad
1005 2227 1160 2303 primum,

206 2350 325 2391 omnes
363 2330 540 2410 aequaliter
578 2332 748 2411 recipiunt
787 2328 944 2392 effectum
984 2330 1165 2411 Baptismi.

206 2439 288 2517 quia
311 2438 385 2497 sive
408 2436 582 2497 character
607 2447 753 2516 ponatur
776 2434 887 2497 forma
908 2437 1067 2498 absoluta
1092 2438 1167 2499 sive

206 2544 407 2623 respectiva,
435 2552 473 2603 ut
505 2541 593 2604 infra
623 2542 805 2613 videbitur,
837 2562 957 2604 omnes
987 2543 1167 2623 aequaliter

206 2651 333 2711 habent
366 2650 605 2712 characterem.
636 2686 678 2693 -
710 2650 873 2724 Quantum
899 2650 944 2709 ad
966 2652 1068 2710 alium
1094 2648 1168 2728 effe·

205 2764 287 2817 ctum
322 2758 379 2837 qui
412 2767 465 2818 est
498 2755 627 2819 fomitis
661 2758 841 2837 repressio,
876 2766 971 2837 patet
1004 2758 1097 2836 quod
1131 2758 1166 2817 in

207 2864 366 2925 omnibus
390 2884 458 2925 non
490 2864 671 2943 aequaliter
700 2865 897 2944 reprimitur
927 2861 1046 2932 fomes,
1078 2866 1167 2925 sicut

209 2972 324 3032 statim
349 2979 550 3050 exponetur.
576 3008 617 3015 -
643 2972 709 3031 Sed
728 2978 880 3049 quantum
904 2971 947 3031 ad
970 2971 1075 3032 alium
1091 2968 1170 3032 effe·

207 3088 299 3139 ctum
324 3078 382 3157 qui
407 3087 459 3138 est
484 3078 604 3159 gratiae
630 3074 766 3147 infusi0,
784 3086 918 3157 oportet
941 3076 1165 3158 distinguere.

207 3186 289 3263 quia
312 3185 358 3245 ibi
383 3186 449 3245 tria
472 3192 688 3255 concurrunt,
713 3184 843 3245 scilicet
869 3183 966 3245 Deus
996 3192 1034 3244 ut
1064 3202 1169 3245 causa

207 3291 417 3371 principalis
442 3288 600 3352 Christus
623 3301 662 3352 ut
685 3309 788 3352 causa
811 3291 994 3361 meritoria,
1007 3300 1042 3351 et
1064 3290 1168 3351 homo

207 3398 401 3478 baptizatus
413 3404 450 3457 ut
462 3399 603 3457 materia
615 3399 789 3476 receptiva
801 3398 933 3477 gratiae.
944 3396 1056 3456 Primo
1067 3398 1165 3466 modo,

208 3505 251 3564 de
263 3506 416 3583 potentia
432 3504 496 3565 Dei
510 3505 667 3565 ordinata
678 3523 798 3565 omnes
808 3504 987 3583 aequaliter
999 3504 1169 3583 recipiunt

209 3608 366 3672 effectum
384 3610 563 3692 Baptismi‚
590 3613 670 3691 quia
694 3611 743 3672 illi
768 3612 870 3693 signo
894 3610 1048 3671 sensibili
1073 3609 1172 3672 Deus
