<?xml version="1.0" encoding="UTF-8"?>
<!DOCTYPE html PUBLIC "-//W3C//DTD XHTML 1.0 Transitional//EN"
    "http://www.w3.org/TR/xhtml1/DTD/xhtml1-transitional.dtd">
<html xmlns="http://www.w3.org/1999/xhtml" xml:lang="en" lang="en">
 <head>
  <title>
</title>
<meta http-equiv="Content-Type" content="text/html;charset=utf-8" />
  <meta name='ocr-system' content='tesseract 3.04.00' />
  <meta name='ocr-capabilities' content='ocr_page ocr_carea ocr_par ocr_line ocrx_word'/>
</head>
<body>
  <div class='ocr_page' id='page_1' title='image "./commentariainli02scotgoog_0334.png"; bbox 0 0 2600 4200; ppageno 0'>
   <div class='ocr_carea' id='block_1_1' title="bbox 223 211 932 296">
    <p class='ocr_par' dir='ltr' id='par_1_1' title="bbox 223 211 932 296">
     <span class='ocr_line' id='line_1_1' title="bbox 223 211 932 296; baseline -0.006 -18"><span class='ocrx_word' id='word_1_1' title='bbox 223 221 263 296; x_wconf 73' lang='lat'>50</span> <span class='ocrx_word' id='word_1_2' title='bbox 449 215 523 276; x_wconf 74' lang='lat' dir='ltr'>Lm.</span> <span class='ocrx_word' id='word_1_3' title='bbox 549 213 600 275; x_wconf 93' lang='lat' dir='ltr'>IV</span> <span class='ocrx_word' id='word_1_4' title='bbox 626 211 932 276; x_wconf 71' lang='lat' dir='ltr'>Sssu‘rnnnnuun</span> 
     </span>
    </p>
   </div>
   <div class='ocr_carea' id='block_1_2' title="bbox 197 375 1166 3461">
    <p class='ocr_par' dir='ltr' id='par_1_2' title="bbox 200 375 1163 1222">
     <span class='ocr_line' id='line_1_2' title="bbox 208 375 1163 472; baseline -0.007 -14"><span class='ocrx_word' id='word_1_5' title='bbox 208 453 212 458; x_wconf 88' lang='lat'>.</span> <span class='ocrx_word' id='word_1_6' title='bbox 290 396 345 456; x_wconf 84' lang='lat' dir='ltr'>Ad</span> <span class='ocrx_word' id='word_1_7' title='bbox 364 396 419 454; x_wconf 82' lang='lat' dir='ltr'>illa</span> <span class='ocrx_word' id='word_1_8' title='bbox 444 394 567 455; x_wconf 88' lang='lat' dir='ltr'>dicitur</span> <span class='ocrx_word' id='word_1_9' title='bbox 591 375 784 472; x_wconf 76' lang='lat' dir='ltr'>tripliciter:</span> <span class='ocrx_word' id='word_1_10' title='bbox 809 391 920 452; x_wconf 78' lang='lat' dir='ltr'>Primo</span> <span class='ocrx_word' id='word_1_11' title='bbox 944 392 1007 452; x_wconf 91' lang='lat' dir='ltr'>sic:</span> <span class='ocrx_word' id='word_1_12' title='bbox 1024 391 1163 470; x_wconf 89' lang='lat' dir='ltr'>quando</span> 
     </span>
     <span class='ocr_line' id='line_1_3' title="bbox 200 497 1161 582; baseline -0.004 -20"><span class='ocrx_word' id='word_1_13' title='bbox 200 504 233 563; x_wconf 92' lang='lat' dir='ltr'>in</span> <span class='ocrx_word' id='word_1_14' title='bbox 259 502 374 582; x_wconf 90' lang='lat' dir='ltr'>aliqua</span> <span class='ocrx_word' id='word_1_15' title='bbox 408 501 561 582; x_wconf 87' lang='lat' dir='ltr'>potentia</span> <span class='ocrx_word' id='word_1_16' title='bbox 595 509 676 562; x_wconf 90' lang='lat' dir='ltr'>sunt</span> <span class='ocrx_word' id='word_1_17' title='bbox 710 499 778 560; x_wconf 89' lang='lat' dir='ltr'>duo</span> <span class='ocrx_word' id='word_1_18' title='bbox 813 499 951 560; x_wconf 88' lang='lat' dir='ltr'>habitus</span> <span class='ocrx_word' id='word_1_19' title='bbox 985 497 1161 578; x_wconf 87' lang='lat' dir='ltr'>disparati,</span> 
     </span>
     <span class='ocr_line' id='line_1_4' title="bbox 200 606 1163 687; baseline -0.005 -16"><span class='ocrx_word' id='word_1_20' title='bbox 200 629 289 671; x_wconf 91' lang='lat' dir='ltr'>unus</span> <span class='ocrx_word' id='word_1_21' title='bbox 314 607 447 671; x_wconf 90' lang='lat' dir='ltr'>infusus</span> <span class='ocrx_word' id='word_1_22' title='bbox 471 617 504 668; x_wconf 93' lang='lat' dir='ltr'>et</span> <span class='ocrx_word' id='word_1_23' title='bbox 528 607 616 668; x_wconf 88' lang='lat' dir='ltr'>alius</span> <span class='ocrx_word' id='word_1_24' title='bbox 640 607 829 687; x_wconf 87' lang='lat' dir='ltr'>acquisitus</span> <span class='ocrx_word' id='word_1_25' title='bbox 851 625 896 666; x_wconf 89' lang='lat' dir='ltr'>ex</span> <span class='ocrx_word' id='word_1_26' title='bbox 920 606 1064 672; x_wconf 87' lang='lat' dir='ltr'>actibus,</span> <span class='ocrx_word' id='word_1_27' title='bbox 1081 614 1163 666; x_wconf 87' lang='lat' dir='ltr'>tunc</span> 
     </span>
     <span class='ocr_line' id='line_1_5' title="bbox 200 712 1163 794; baseline -0.005 -17"><span class='ocrx_word' id='word_1_28' title='bbox 200 715 338 777; x_wconf 85' lang='lat' dir='ltr'>habitus</span> <span class='ocrx_word' id='word_1_29' title='bbox 378 715 566 794; x_wconf 88' lang='lat' dir='ltr'>acquisitus</span> <span class='ocrx_word' id='word_1_30' title='bbox 599 713 740 775; x_wconf 88' lang='lat' dir='ltr'>inclinat</span> <span class='ocrx_word' id='word_1_31' title='bbox 769 713 957 793; x_wconf 83' lang='lat' dir='ltr'>potentiam</span> <span class='ocrx_word' id='word_1_32' title='bbox 990 712 1033 773; x_wconf 89' lang='lat' dir='ltr'>ad</span> <span class='ocrx_word' id='word_1_33' title='bbox 1065 723 1163 772; x_wconf 90' lang='lat' dir='ltr'>actus</span> 
     </span>
     <span class='ocr_line' id='line_1_6' title="bbox 200 817 1161 883; baseline -0.005 0"><span class='ocrx_word' id='word_1_34' title='bbox 200 823 389 883; x_wconf 86' lang='lat' dir='ltr'>contrarios</span> <span class='ocrx_word' id='word_1_35' title='bbox 413 823 509 882; x_wconf 80' lang='lat' dir='ltr'>actus</span> <span class='ocrx_word' id='word_1_36' title='bbox 533 820 670 882; x_wconf 89' lang='lat' dir='ltr'>habitus</span> <span class='ocrx_word' id='word_1_37' title='bbox 694 817 808 881; x_wconf 88' lang='lat' dir='ltr'>infusi.</span> <span class='ocrx_word' id='word_1_38' title='bbox 845 817 946 881; x_wconf 90' lang='lat' dir='ltr'>Nunc</span> <span class='ocrx_word' id='word_1_39' title='bbox 980 828 1094 880; x_wconf 85' lang='lat' dir='ltr'>autern</span> <span class='ocrx_word' id='word_1_40' title='bbox 1126 819 1161 879; x_wconf 94' lang='lat' dir='ltr'>in</span> 
     </span>
     <span class='ocr_line' id='line_1_7' title="bbox 200 924 1162 1009; baseline -0.005 -19"><span class='ocrx_word' id='word_1_41' title='bbox 200 927 345 1009; x_wconf 87' lang='lat' dir='ltr'>parvulo</span> <span class='ocrx_word' id='word_1_42' title='bbox 368 929 540 1008; x_wconf 85' lang='lat' dir='ltr'>baptizato</span> <span class='ocrx_word' id='word_1_43' title='bbox 564 937 598 988; x_wconf 89' lang='lat' dir='ltr'>et</span> <span class='ocrx_word' id='word_1_44' title='bbox 626 928 715 987; x_wconf 91' lang='lat' dir='ltr'>inter</span> <span class='ocrx_word' id='word_1_45' title='bbox 748 924 903 987; x_wconf 88' lang='lat' dir='ltr'>infideles</span> <span class='ocrx_word' id='word_1_46' title='bbox 938 927 1077 992; x_wconf 87' lang='lat' dir='ltr'>nutrito,</span> <span class='ocrx_word' id='word_1_47' title='bbox 1110 934 1162 985; x_wconf 91' lang='lat' dir='ltr'>est</span> 
     </span>
     <span class='ocr_line' id='line_1_8' title="bbox 200 1030 1162 1114; baseline -0.005 -18"><span class='ocrx_word' id='word_1_48' title='bbox 200 1033 285 1096; x_wconf 87' lang='lat' dir='ltr'>fides</span> <span class='ocrx_word' id='word_1_49' title='bbox 309 1035 476 1114; x_wconf 89' lang='lat' dir='ltr'>acquisita</span> <span class='ocrx_word' id='word_1_50' title='bbox 499 1035 670 1095; x_wconf 86' lang='lat' dir='ltr'>contraria</span> <span class='ocrx_word' id='word_1_51' title='bbox 702 1030 780 1094; x_wconf 87' lang='lat' dir='ltr'>fidei</span> <span class='ocrx_word' id='word_1_52' title='bbox 816 1031 950 1101; x_wconf 82' lang='lat' dir='ltr'>infusae,</span> <span class='ocrx_word' id='word_1_53' title='bbox 985 1032 1063 1093; x_wconf 90' lang='lat' dir='ltr'>ideo</span> <span class='ocrx_word' id='word_1_54' title='bbox 1093 1051 1162 1092; x_wconf 86' lang='lat' dir='ltr'>non</span> 
     </span>
     <span class='ocr_line' id='line_1_9' title="bbox 201 1139 823 1222; baseline -0.005 -19"><span class='ocrx_word' id='word_1_55' title='bbox 201 1151 314 1222; x_wconf 87' lang='lat' dir='ltr'>potest</span> <span class='ocrx_word' id='word_1_56' title='bbox 338 1142 433 1202; x_wconf 87' lang='lat' dir='ltr'>exire</span> <span class='ocrx_word' id='word_1_57' title='bbox 458 1141 491 1201; x_wconf 91' lang='lat' dir='ltr'>in</span> <span class='ocrx_word' id='word_1_58' title='bbox 517 1150 629 1201; x_wconf 87' lang='lat' dir='ltr'>actum</span> <span class='ocrx_word' id='word_1_59' title='bbox 654 1139 823 1201; x_wconf 88' lang='lat' dir='ltr'>credendi.</span> 
     </span>
    </p>

    <p class='ocr_par' dir='ltr' id='par_1_3' title="bbox 200 1246 1163 1842">
     <span class='ocr_line' id='line_1_10' title="bbox 206 1246 1163 1326; baseline -0.001 -18"><span class='ocrx_word' id='word_1_60' title='bbox 206 1313 209 1318; x_wconf 64' lang='grc'>,</span> <span class='ocrx_word' id='word_1_61' title='bbox 290 1247 430 1308; x_wconf 85' lang='lat' dir='ltr'>Secundo</span> <span class='ocrx_word' id='word_1_62' title='bbox 453 1249 540 1306; x_wconf 85' lang='lat' dir='ltr'>modo</span> <span class='ocrx_word' id='word_1_63' title='bbox 563 1246 688 1308; x_wconf 84' lang='lat' dir='ltr'>dicitur</span> <span class='ocrx_word' id='word_1_64' title='bbox 710 1246 753 1308; x_wconf 90' lang='lat' dir='ltr'>ad</span> <span class='ocrx_word' id='word_1_65' title='bbox 777 1248 928 1306; x_wconf 84' lang='lat' dir='ltr'><em>minorem</em></span> <span class='ocrx_word' id='word_1_66' title='bbox 946 1246 1040 1307; x_wconf 89' lang='lat' dir='ltr'>illius</span> <span class='ocrx_word' id='word_1_67' title='bbox 1054 1247 1163 1326; x_wconf 87' lang='lat' dir='ltr'>objec-</span> 
     </span>
     <span class='ocr_line' id='line_1_11' title="bbox 201 1352 1163 1434; baseline -0.002 -19"><span class='ocrx_word' id='word_1_68' title='bbox 201 1355 431 1433; x_wconf 86' lang='lat' dir='ltr'>tionis‚·quod</span> <span class='ocrx_word' id='word_1_69' title='bbox 454 1355 533 1415; x_wconf 90' lang='lat' dir='ltr'>talis</span> <span class='ocrx_word' id='word_1_70' title='bbox 556 1352 722 1434; x_wconf 88' lang='lat' dir='ltr'>parvulus</span> <span class='ocrx_word' id='word_1_71' title='bbox 745 1353 938 1433; x_wconf 88' lang='lat' dir='ltr'>baptizatus</span> <span class='ocrx_word' id='word_1_72' title='bbox 960 1364 995 1413; x_wconf 90' lang='lat' dir='ltr'>et</span> <span class='ocrx_word' id='word_1_73' title='bbox 1011 1355 1099 1414; x_wconf 88' lang='lat' dir='ltr'>inter</span> <span class='ocrx_word' id='word_1_74' title='bbox 1114 1355 1163 1414; x_wconf 92' lang='lat' dir='ltr'>in·</span> 
     </span>
     <span class='ocr_line' id='line_1_12' title="bbox 200 1459 1162 1530; baseline -0.002 -8"><span class='ocrx_word' id='word_1_75' title='bbox 200 1459 318 1522; x_wconf 91' lang='lat' dir='ltr'>fideles</span> <span class='ocrx_word' id='word_1_76' title='bbox 343 1462 500 1530; x_wconf 70' lang='lat' dir='ltr'>nutritus</span> <span class='ocrx_word' id='word_1_77' title='bbox 526 1480 594 1522; x_wconf 94' lang='lat' dir='ltr'>non</span> <span class='ocrx_word' id='word_1_78' title='bbox 618 1460 686 1521; x_wconf 88' lang='lat' dir='ltr'>alio</span> <span class='ocrx_word' id='word_1_79' title='bbox 702 1459 803 1521; x_wconf 88' lang='lat' dir='ltr'>modo</span> <span class='ocrx_word' id='word_1_80' title='bbox 819 1459 974 1521; x_wconf 88' lang='lat' dir='ltr'>sehabet</span> <span class='ocrx_word' id='word_1_81' title='bbox 990 1459 1033 1520; x_wconf 84' lang='lat' dir='ltr'>ad</span> <span class='ocrx_word' id='word_1_82' title='bbox 1048 1468 1162 1520; x_wconf 86' lang='lat' dir='ltr'>actum</span> 
     </span>
     <span class='ocr_line' id='line_1_13' title="bbox 200 1564 1163 1648; baseline -0.002 -19"><span class='ocrx_word' id='word_1_83' title='bbox 200 1567 359 1629; x_wconf 87' lang='lat' dir='ltr'>credendi</span> <span class='ocrx_word' id='word_1_84' title='bbox 384 1585 485 1648; x_wconf 88' lang='lat' dir='ltr'>quam</span> <span class='ocrx_word' id='word_1_85' title='bbox 518 1569 546 1628; x_wconf 90' lang='lat' dir='ltr'>si</span> <span class='ocrx_word' id='word_1_86' title='bbox 583 1587 649 1628; x_wconf 90' lang='lat' dir='ltr'>non</span> <span class='ocrx_word' id='word_1_87' title='bbox 685 1564 806 1628; x_wconf 89' lang='lat' dir='ltr'>fuisset</span> <span class='ocrx_word' id='word_1_88' title='bbox 839 1567 1042 1646; x_wconf 86' lang='lat' dir='ltr'>baptizatus,</span> <span class='ocrx_word' id='word_1_89' title='bbox 1081 1568 1163 1646; x_wconf 90' lang='lat' dir='ltr'>quia</span> 
     </span>
     <span class='ocr_line' id='line_1_14' title="bbox 201 1671 1163 1754; baseline -0.002 -18"><span class='ocrx_word' id='word_1_90' title='bbox 201 1693 301 1754; x_wconf 88' lang='lat' dir='ltr'>quam</span> <span class='ocrx_word' id='word_1_91' title='bbox 326 1675 395 1736; x_wconf 90' lang='lat' dir='ltr'>cito</span> <span class='ocrx_word' id='word_1_92' title='bbox 418 1673 604 1736; x_wconf 87' lang='lat' dir='ltr'>deliberate</span> <span class='ocrx_word' id='word_1_93' title='bbox 627 1674 798 1734; x_wconf 90' lang='lat' dir='ltr'>consentit</span> <span class='ocrx_word' id='word_1_94' title='bbox 809 1674 914 1734; x_wconf 89' lang='lat' dir='ltr'>errori</span> <span class='ocrx_word' id='word_1_95' title='bbox 931 1692 1059 1741; x_wconf 85' lang='lat' dir='ltr'>eorum,</span> <span class='ocrx_word' id='word_1_96' title='bbox 1075 1671 1163 1734; x_wconf 86' lang='lat' dir='ltr'>fides</span> 
     </span>
     <span class='ocr_line' id='line_1_15' title="bbox 202 1779 555 1842; baseline 0 -2"><span class='ocrx_word' id='word_1_97' title='bbox 202 1779 314 1842; x_wconf 87' lang='lat' dir='ltr'>infusa</span> <span class='ocrx_word' id='word_1_98' title='bbox 338 1779 555 1842; x_wconf 83' lang='lat' dir='ltr'>annihilatur.</span> 
     </span>
    </p>

    <p class='ocr_par' dir='ltr' id='par_1_4' title="bbox 201 1886 1164 2590">
     <span class='ocr_line' id='line_1_16' title="bbox 298 1886 1164 1967; baseline -0.001 -20"><span class='ocrx_word' id='word_1_99' title='bbox 298 1888 399 1947; x_wconf 79' lang='lat' dir='ltr'>Tertio</span> <span class='ocrx_word' id='word_1_100' title='bbox 423 1887 509 1946; x_wconf 87' lang='lat' dir='ltr'>modo</span> <span class='ocrx_word' id='word_1_101' title='bbox 532 1886 657 1948; x_wconf 90' lang='lat' dir='ltr'>dicitur</span> <span class='ocrx_word' id='word_1_102' title='bbox 679 1886 773 1967; x_wconf 91' lang='lat' dir='ltr'>quod</span> <span class='ocrx_word' id='word_1_103' title='bbox 795 1887 869 1947; x_wconf 91' lang='lat' dir='ltr'>sive</span> <span class='ocrx_word' id='word_1_104' title='bbox 886 1886 1023 1946; x_wconf 86' lang='lat' dir='ltr'>habitus</span> <span class='ocrx_word' id='word_1_105' title='bbox 1039 1886 1164 1946; x_wconf 83' lang='lat' dir='ltr'>habeat</span> 
     </span>
     <span class='ocr_line' id='line_1_17' title="bbox 201 1991 1161 2073; baseline -0.002 -19"><span class='ocrx_word' id='word_1_106' title='bbox 201 1993 399 2055; x_wconf 86' lang='lat' dir='ltr'>causalitem</span> <span class='ocrx_word' id='word_1_107' title='bbox 424 2003 579 2073; x_wconf 86' lang='lat' dir='ltr'>respectu</span> <span class='ocrx_word' id='word_1_108' title='bbox 605 2003 711 2061; x_wconf 87' lang='lat' dir='ltr'>actus,</span> <span class='ocrx_word' id='word_1_109' title='bbox 736 1993 810 2054; x_wconf 84' lang='lat' dir='ltr'>sive</span> <span class='ocrx_word' id='word_1_110' title='bbox 836 2012 913 2061; x_wconf 87' lang='lat' dir='ltr'>non,</span> <span class='ocrx_word' id='word_1_111' title='bbox 939 1991 1034 2053; x_wconf 90' lang='lat' dir='ltr'>nulla</span> <span class='ocrx_word' id='word_1_112' title='bbox 1049 1993 1161 2053; x_wconf 84' lang='lat' dir='ltr'>virtus</span> 
     </span>
     <span class='ocr_line' id='line_1_18' title="bbox 201 2097 1164 2181; baseline -0.001 -20"><span class='ocrx_word' id='word_1_113' title='bbox 201 2097 314 2162; x_wconf 90' lang='lat' dir='ltr'>infusa</span> <span class='ocrx_word' id='word_1_114' title='bbox 337 2111 450 2181; x_wconf 84' lang='lat' dir='ltr'>potest</span> <span class='ocrx_word' id='word_1_115' title='bbox 474 2099 608 2181; x_wconf 92' lang='lat' dir='ltr'>probari</span> <span class='ocrx_word' id='word_1_116' title='bbox 634 2102 746 2162; x_wconf 85' lang='lat' dir='ltr'>inesse</span> <span class='ocrx_word' id='word_1_117' title='bbox 769 2099 980 2161; x_wconf 79' lang='lat' dir='ltr'>exactibus</span> <span class='ocrx_word' id='word_1_118' title='bbox 1005 2100 1086 2179; x_wconf 86' lang='lat' dir='ltr'>quia</span> <span class='ocrx_word' id='word_1_119' title='bbox 1101 2118 1164 2161; x_wconf 81' lang='lat' dir='ltr'>eae·</span> 
     </span>
     <span class='ocr_line' id='line_1_19' title="bbox 202 2204 1163 2288; baseline -0.003 -18"><span class='ocrx_word' id='word_1_120' title='bbox 202 2209 278 2270; x_wconf 89' lang='lat' dir='ltr'>dem</span> <span class='ocrx_word' id='word_1_121' title='bbox 302 2210 453 2270; x_wconf 91' lang='lat' dir='ltr'>rationes</span> <span class='ocrx_word' id='word_1_122' title='bbox 475 2206 596 2271; x_wconf 89' lang='lat' dir='ltr'>fierent</span> <span class='ocrx_word' id='word_1_123' title='bbox 619 2208 662 2269; x_wconf 93' lang='lat' dir='ltr'>de</span> <span class='ocrx_word' id='word_1_124' title='bbox 686 2209 807 2288; x_wconf 84' lang='lat' dir='ltr'>gratia,</span> <span class='ocrx_word' id='word_1_125' title='bbox 832 2215 867 2267; x_wconf 90' lang='lat' dir='ltr'>et</span> <span class='ocrx_word' id='word_1_126' title='bbox 900 2216 1014 2268; x_wconf 85' lang='lat' dir='ltr'>tamen</span> <span class='ocrx_word' id='word_1_127' title='bbox 1046 2204 1163 2268; x_wconf 85' lang='lat' dir='ltr'>nullus</span> 
     </span>
     <span class='ocr_line' id='line_1_20' title="bbox 201 2312 1163 2394; baseline -0.002 -19"><span class='ocrx_word' id='word_1_128' title='bbox 201 2315 484 2377; x_wconf 87' lang='lat' dir='ltr'>certitudinaliter</span> <span class='ocrx_word' id='word_1_129' title='bbox 507 2316 572 2377; x_wconf 89' lang='lat' dir='ltr'>scit</span> <span class='ocrx_word' id='word_1_130' title='bbox 595 2333 631 2376; x_wconf 90' lang='lat' dir='ltr'>se</span> <span class='ocrx_word' id='word_1_131' title='bbox 656 2314 781 2375; x_wconf 87' lang='lat' dir='ltr'>habere</span> <span class='ocrx_word' id='word_1_132' title='bbox 797 2316 958 2394; x_wconf 63' lang='lat' dir='ltr'>gratiam</span> <span class='ocrx_word' id='word_1_133' title='bbox 976 2324 1010 2373; x_wconf 91' lang='lat' dir='ltr'>et</span> <span class='ocrx_word' id='word_1_134' title='bbox 1026 2312 1103 2374; x_wconf 78' lang='lat' dir='ltr'>ideo</span> <span class='ocrx_word' id='word_1_135' title='bbox 1113 2312 1163 2373; x_wconf 92' lang='lat' dir='ltr'>di·</span> 
     </span>
     <span class='ocr_line' id='line_1_21' title="bbox 201 2420 1161 2501; baseline -0.003 -19"><span class='ocrx_word' id='word_1_136' title='bbox 201 2424 289 2482; x_wconf 89' lang='lat' dir='ltr'>citur</span> <span class='ocrx_word' id='word_1_137' title='bbox 312 2422 404 2501; x_wconf 93' lang='lat' dir='ltr'>quod</span> <span class='ocrx_word' id='word_1_138' title='bbox 428 2424 529 2500; x_wconf 83' lang='lat' dir='ltr'>major</span> <span class='ocrx_word' id='word_1_139' title='bbox 552 2432 604 2483; x_wconf 91' lang='lat' dir='ltr'>est</span> <span class='ocrx_word' id='word_1_140' title='bbox 629 2440 710 2483; x_wconf 85' lang='lat' dir='ltr'>vera</span> <span class='ocrx_word' id='word_1_141' title='bbox 725 2420 767 2481; x_wconf 93' lang='lat' dir='ltr'>de</span> <span class='ocrx_word' id='word_1_142' title='bbox 783 2420 957 2481; x_wconf 90' lang='lat' dir='ltr'>habitibus</span> <span class='ocrx_word' id='word_1_143' title='bbox 973 2420 1161 2498; x_wconf 85' lang='lat' dir='ltr'>acquisitis,</span> 
     </span>
     <span class='ocr_line' id='line_1_22' title="bbox 201 2526 747 2590; baseline -0.004 -1"><span class='ocrx_word' id='word_1_144' title='bbox 201 2538 235 2589; x_wconf 84' lang='lat' dir='ltr'>et</span> <span class='ocrx_word' id='word_1_145' title='bbox 260 2547 327 2589; x_wconf 94' lang='lat' dir='ltr'>non</span> <span class='ocrx_word' id='word_1_146' title='bbox 352 2528 394 2589; x_wconf 88' lang='lat' dir='ltr'>de</span> <span class='ocrx_word' id='word_1_147' title='bbox 418 2528 592 2590; x_wconf 88' lang='lat' dir='ltr'>habitibus</span> <span class='ocrx_word' id='word_1_148' title='bbox 615 2526 747 2589; x_wconf 80' lang='lat' dir='ltr'>infusis,</span> 
     </span>
    </p>

    <p class='ocr_par' dir='ltr' id='par_1_5' title="bbox 197 2630 1166 3461">
     <span class='ocr_line' id='line_1_23' title="bbox 295 2630 1164 2715; baseline -0.002 -20"><span class='ocrx_word' id='word_1_149' title='bbox 295 2635 409 2695; x_wconf 73' lang='lat' dir='ltr'>Contra</span> <span class='ocrx_word' id='word_1_150' title='bbox 433 2636 487 2695; x_wconf 81' lang='lat' dir='ltr'>lzoc</span> <span class='ocrx_word' id='word_1_151' title='bbox 511 2636 668 2715; x_wconf 89' lang='lat' dir='ltr'>objicitur</span> <span class='ocrx_word' id='word_1_152' title='bbox 691 2634 773 2714; x_wconf 86' lang='lat' dir='ltr'>quia</span> <span class='ocrx_word' id='word_1_153' title='bbox 796 2636 825 2694; x_wconf 94' lang='lat' dir='ltr'>si</span> <span class='ocrx_word' id='word_1_154' title='bbox 850 2632 945 2695; x_wconf 90' lang='lat' dir='ltr'>Deus</span> <span class='ocrx_word' id='word_1_155' title='bbox 968 2630 1164 2693; x_wconf 83' lang='lat' dir='ltr'>infunderet</span> 
     </span>
     <span class='ocr_line' id='line_1_24' title="bbox 202 2739 1164 2824; baseline -0.002 -23"><span class='ocrx_word' id='word_1_156' title='bbox 202 2741 302 2802; x_wconf 87' lang='lat' dir='ltr'>alicui</span> <span class='ocrx_word' id='word_1_157' title='bbox 327 2741 480 2803; x_wconf 88' lang='lat' dir='ltr'>habitum</span> <span class='ocrx_word' id='word_1_158' title='bbox 505 2743 715 2824; x_wconf 83' lang='lat' dir='ltr'>geometriae.</span> <span class='ocrx_word' id='word_1_159' title='bbox 740 2750 858 2820; x_wconf 85' lang='lat' dir='ltr'>posset</span> <span class='ocrx_word' id='word_1_160' title='bbox 881 2740 1046 2801; x_wconf 83' lang='lat' dir='ltr'>assentire</span> <span class='ocrx_word' id='word_1_161' title='bbox 1076 2739 1164 2799; x_wconf 86' lang='lat' dir='ltr'>veri·</span> 
     </span>
     <span class='ocr_line' id='line_1_25' title="bbox 202 2843 1164 2929; baseline -0.001 -22"><span class='ocrx_word' id='word_1_162' title='bbox 202 2847 329 2909; x_wconf 85' lang='lat' dir='ltr'>tatibus</span> <span class='ocrx_word' id='word_1_163' title='bbox 353 2851 563 2929; x_wconf 85' lang='lat' dir='ltr'>geometriae;</span> <span class='ocrx_word' id='word_1_164' title='bbox 590 2867 674 2929; x_wconf 79' lang='lat' dir='ltr'>ergo</span> <span class='ocrx_word' id='word_1_165' title='bbox 698 2867 718 2908; x_wconf 89' lang='lat' dir='ltr'>a</span> <span class='ocrx_word' id='word_1_166' title='bbox 740 2847 855 2915; x_wconf 88' lang='lat' dir='ltr'>simili,</span> <span class='ocrx_word' id='word_1_167' title='bbox 881 2847 908 2907; x_wconf 91' lang='lat' dir='ltr'>si</span> <span class='ocrx_word' id='word_1_168' title='bbox 934 2846 1030 2907; x_wconf 87' lang='lat' dir='ltr'>Deus</span> <span class='ocrx_word' id='word_1_169' title='bbox 1053 2843 1164 2906; x_wconf 91' lang='lat' dir='ltr'>infun-</span> 
     </span>
     <span class='ocr_line' id='line_1_26' title="bbox 201 2950 1166 3036; baseline -0.004 -21"><span class='ocrx_word' id='word_1_170' title='bbox 201 2953 295 3015; x_wconf 84' lang='lat' dir='ltr'>deret</span> <span class='ocrx_word' id='word_1_171' title='bbox 320 2956 419 3017; x_wconf 88' lang='lat' dir='ltr'>alicui</span> <span class='ocrx_word' id='word_1_172' title='bbox 443 2954 555 3025; x_wconf 83' lang='lat' dir='ltr'>fidem,</span> <span class='ocrx_word' id='word_1_173' title='bbox 580 2965 697 3036; x_wconf 84' lang='lat' dir='ltr'>posset</span> <span class='ocrx_word' id='word_1_174' title='bbox 721 2954 886 3015; x_wconf 87' lang='lat' dir='ltr'>assentire</span> <span class='ocrx_word' id='word_1_175' title='bbox 903 2952 1104 3013; x_wconf 83' lang='lat' dir='ltr'>veritatibus</span> <span class='ocrx_word' id='word_1_176' title='bbox 1126 2950 1166 3013; x_wconf 89' lang='lat' dir='ltr'>fi-</span> 
     </span>
     <span class='ocr_line' id='line_1_27' title="bbox 201 3058 1166 3140; baseline -0.003 -19"><span class='ocrx_word' id='word_1_177' title='bbox 201 3060 264 3121; x_wconf 89' lang='lat' dir='ltr'>dei.</span> <span class='ocrx_word' id='word_1_178' title='bbox 292 3098 332 3105; x_wconf 98' lang='lat'><strong>—</strong></span> <span class='ocrx_word' id='word_1_179' title='bbox 358 3062 422 3123; x_wconf 83' lang='lat' dir='ltr'>Sed</span> <span class='ocrx_word' id='word_1_180' title='bbox 443 3064 496 3122; x_wconf 75' lang='lat' dir='ltr'>hoc</span> <span class='ocrx_word' id='word_1_181' title='bbox 520 3082 579 3121; x_wconf 85' lang='lat' dir='ltr'>non</span> <span class='ocrx_word' id='word_1_182' title='bbox 615 3064 703 3127; x_wconf 76' lang='lat' dir='ltr'>valet,</span> <span class='ocrx_word' id='word_1_183' title='bbox 743 3061 824 3140; x_wconf 87' lang='lat' dir='ltr'>quia</span> <span class='ocrx_word' id='word_1_184' title='bbox 857 3058 994 3120; x_wconf 89' lang='lat' dir='ltr'>habitus</span> <span class='ocrx_word' id='word_1_185' title='bbox 1027 3076 1166 3139; x_wconf 85' lang='lat' dir='ltr'>geome-</span> 
     </span>
     <span class='ocr_line' id='line_1_28' title="bbox 201 3165 1164 3245; baseline -0.003 -18"><span class='ocrx_word' id='word_1_186' title='bbox 201 3168 276 3228; x_wconf 80' lang='lat' dir='ltr'>triae</span> <span class='ocrx_word' id='word_1_187' title='bbox 301 3178 353 3229; x_wconf 89' lang='lat' dir='ltr'>est</span> <span class='ocrx_word' id='word_1_188' title='bbox 376 3168 513 3230; x_wconf 86' lang='lat' dir='ltr'>habitus</span> <span class='ocrx_word' id='word_1_189' title='bbox 536 3168 666 3229; x_wconf 84' lang='lat' dir='ltr'>habens</span> <span class='ocrx_word' id='word_1_190' title='bbox 698 3167 905 3229; x_wconf 82' lang='lat' dir='ltr'>evidentiam</span> <span class='ocrx_word' id='word_1_191' title='bbox 939 3184 985 3226; x_wconf 85' lang='lat' dir='ltr'>ex</span> <span class='ocrx_word' id='word_1_192' title='bbox 1007 3165 1164 3245; x_wconf 74' lang='lat' dir='ltr'>obJect0;</span> 
     </span>
     <span class='ocr_line' id='line_1_29' title="bbox 201 3272 1166 3352; baseline -0.003 -17"><span class='ocrx_word' id='word_1_193' title='bbox 201 3274 262 3335; x_wconf 89' lang='lat' dir='ltr'>sed</span> <span class='ocrx_word' id='word_1_194' title='bbox 293 3274 378 3336; x_wconf 87' lang='lat' dir='ltr'>fides</span> <span class='ocrx_word' id='word_1_195' title='bbox 402 3295 469 3336; x_wconf 87' lang='lat' dir='ltr'>non</span> <span class='ocrx_word' id='word_1_196' title='bbox 493 3275 595 3335; x_wconf 89' lang='lat' dir='ltr'>habet</span> <span class='ocrx_word' id='word_1_197' title='bbox 619 3274 827 3336; x_wconf 83' lang='lat' dir='ltr'>evidentiam</span> <span class='ocrx_word' id='word_1_198' title='bbox 852 3292 896 3333; x_wconf 90' lang='lat' dir='ltr'>ex</span> <span class='ocrx_word' id='word_1_199' title='bbox 920 3272 1063 3352; x_wconf 83' lang='lat' dir='ltr'>objecto,</span> <span class='ocrx_word' id='word_1_200' title='bbox 1080 3274 1166 3351; x_wconf 89' lang='lat' dir='ltr'>quia</span> 
     </span>
     <span class='ocr_line' id='line_1_30' title="bbox 197 3380 553 3461; baseline 0 -19"><span class='ocrx_word' id='word_1_201' title='bbox 197 3381 267 3461; x_wconf 86' lang='lat' dir='ltr'>jam</span> <span class='ocrx_word' id='word_1_202' title='bbox 292 3401 360 3442; x_wconf 92' lang='lat' dir='ltr'>non</span> <span class='ocrx_word' id='word_1_203' title='bbox 385 3392 437 3444; x_wconf 90' lang='lat' dir='ltr'>est</span> <span class='ocrx_word' id='word_1_204' title='bbox 459 3380 553 3443; x_wconf 88' lang='lat' dir='ltr'>fides.</span> 
     </span>
    </p>
   </div>
   <div class='ocr_carea' id='block_1_3' title="bbox 201 3522 1167 3709">
    <p class='ocr_par' dir='ltr' id='par_1_6' title="bbox 201 3522 1167 3709">
     <span class='ocr_line' id='line_1_31' title="bbox 292 3522 1167 3601; baseline -0.003 -15"><span class='ocrx_word' id='word_1_205' title='bbox 292 3524 479 3587; x_wconf 68' lang='lat' dir='ltr'>Sentinum</span> <span class='ocrx_word' id='word_1_206' title='bbox 507 3523 724 3586; x_wconf 59' lang='lat' dir='ltr'>(inminuto</span> <span class='ocrx_word' id='word_1_207' title='bbox 747 3522 971 3601; x_wconf 85' lang='lat' dir='ltr'>persuadetur</span> <span class='ocrx_word' id='word_1_208' title='bbox 1000 3522 1167 3591; x_wconf 79' lang='lat' dir='ltr'>breviter,</span> 
     </span>
     <span class='ocr_line' id='line_1_32' title="bbox 201 3625 1167 3709; baseline -0.001 -19"><span class='ocrx_word' id='word_1_209' title='bbox 201 3631 346 3709; x_wconf 87' lang='lat' dir='ltr'>quiade</span> <span class='ocrx_word' id='word_1_210' title='bbox 371 3631 434 3693; x_wconf 84' lang='lat' dir='ltr'>hoc</span> <span class='ocrx_word' id='word_1_211' title='bbox 458 3632 522 3691; x_wconf 91' lang='lat' dir='ltr'>erit</span> <span class='ocrx_word' id='word_1_212' title='bbox 546 3650 657 3690; x_wconf 83' lang='lat' dir='ltr'>sermo</span> <span class='ocrx_word' id='word_1_213' title='bbox 681 3628 848 3709; x_wconf 86' lang='lat' dir='ltr'>prolixior</span> <span class='ocrx_word' id='word_1_214' title='bbox 871 3625 1013 3688; x_wconf 88' lang='lat' dir='ltr'>inferius</span> <span class='ocrx_word' id='word_1_215' title='bbox 1030 3626 1116 3687; x_wconf 74' lang='lat' dir='ltr'>Dz&#39;st</span> <span class='ocrx_word' id='word_1_216' title='bbox 1136 3636 1167 3689; x_wconf 82' lang='lat'>6.</span> 
     </span>
    </p>
   </div>
   <div class='ocr_carea' id='block_1_4' title="bbox 0 0 1306 4200">
    <p class='ocr_par' dir='ltr' id='par_1_7' title="bbox 0 0 1306 4200">
     <span class='ocr_line' id='line_1_33' title="bbox 0 0 1306 4200; baseline 0 0"><span class='ocrx_word' id='word_1_217' title='bbox 0 0 1306 4200; x_wconf 95' lang='lat' dir='ltr'> </span> 
     </span>
    </p>
   </div>
  </div>
 </body>
</html>
