2600 4200
335 240 524 302 Drs'nncr.
549 240 577 302 ll
604 239 751 320 Quffisr.
776 240 823 304 ΙΙΙ
1026 255 1065 320 25

117 445 198 526 quia
221 445 295 506 istae
321 446 398 506 duae
423 445 558 508 uniones
581 467 647 526 qua
670 446 780 508 anima
804 447 914 508 unitur
940 447 1014 509 Deo
1038 469 1096 530 per

121 552 265 633 gratiam
289 561 322 613 et
346 571 415 632 qua
438 563 553 614 natura
579 553 687 614 unitur
709 553 781 614 Deo
799 553 1014 634 hypostatice,
1030 577 1095 618 non

119 668 196 720 sunt
219 659 373 738 ejusdem
399 659 540 731 rationis,
552 669 585 721 et
609 660 684 722 ideo
707 680 772 721 non
789 661 951 741 sequitur:
978 663 1009 724 in
1035 663 1095 725 ista

123 765 241 826 unione
266 775 318 826 est
341 764 470 838 fruitio,
495 787 574 847 ergo
598 767 629 828 in
656 766 726 828 ista:

189 871 249 932 rid
258 872 416 933 ultimum
433 871 549 933 dicitur
562 875 651 954 quod
676 873 926 937 contradictoria
939 895 1004 937 non
1022 896 1095 956 pos·

120 989 197 1040 sunt
209 980 273 1040 dici
299 980 342 1040 de
354 980 472 1040 eodem
497 981 677 1041 secundum
703 980 808 1052 idem,
832 982 888 1042 sed
912 983 1095 1045 secundum

121 1086 249 1148 diversa
274 1095 414 1167 possunt
438 1085 509 1158 dici,
523 1095 555 1148 et
578 1086 623 1149 sic
646 1096 695 1148 est
718 1086 750 1148 in
764 1067 942 1168 proposito,
968 1090 1045 1170 quia
1062 1089 1096 1150 il·

122 1193 177 1254 lud
201 1192 416 1273 suppositum
441 1213 506 1254 non
530 1204 613 1254 esset
638 1192 746 1256 fruens
768 1204 801 1256 et
825 1216 891 1257 non
916 1194 1024 1258 fruens
1047 1217 1094 1258 se·

119 1301 270 1360 cundum
285 1300 374 1359 idem
395 1300 451 1360 sed
465 1300 645 1361 secundum
663 1300 806 1362 diversas
820 1311 961 1374 naturas;
978 1302 1095 1364 dicere·

120 1415 173 1468 tur
197 1407 289 1466 enim
307 1403 417 1466 fruens
434 1407 614 1468 secundum
639 1407 785 1469 divinam
807 1417 957 1470 naturam
974 1418 1006 1470 et
1029 1429 1093 1471 non

121 1511 232 1574 fruens
256 1513 440 1574 secundum
465 1523 682 1594 assumptam,
697 1514 778 1576 idest
795 1524 909 1576 natura
925 1526 1096 1598 assumpta

120 1630 205 1681 esset
231 1640 299 1680 non
324 1617 444 1680 fruens.

481 1803 658 1885 Qussrm
688 1805 744 1869 Ill.

472 1965 575 2026 Tertio
598 1965 761 2046 qureritur

193 2124 306 2179 Utrum
323 2122 401 2178 Deus
421 2124 507 2191 posit
526 2138 671 2179 munera
687 2127 824 2179 naturam
843 2126 1051 2181 irrationalem.

189 2268 334 2330 Videtur
347 2268 438 2349 quod
463 2288 538 2339 non,
552 2268 628 2349 quia
640 2278 765 2349 quanto
781 2270 888 2351 aliqua
913 2281 1028 2333 natura
1043 2282 1092 2333 est

123 2375 266 2437 nobilior
289 2384 382 2435 tanto
406 2384 454 2435 est
479 2374 510 2436 in
535 2375 681 2455 potentia
692 2377 734 2437 ad
759 2375 950 2439 nobiliorem
975 2378 1096 2458 perfec-

122 2482 268 2559 tionem;
293 2482 349 2543 sed
373 2490 490 2542 natura
513 2481 677 2543 rationalis
701 2490 750 2545 est
773 2482 972 2544 nobilissima
1007 2506 1095 2547 crea-

123 2597 294 2660 turarum;
318 2608 399 2669 ergo
422 2597 471 2649 est
495 2588 528 2650 in
552 2590 698 2669 potentia
710 2591 752 2651 ad
776 2590 1010 2652 nobilissimam
1027 2613 1096 2672 per-

124 2694 311 2757 fectionem.
327 2694 391 2757 Sed
405 2694 641 2757 nobilissimum
666 2697 756 2778 quod
770 2696 901 2777 ponitur
925 2697 957 2758 in
975 2708 1091 2761 natura

125 2800 276 2863 rationali
288 2810 336 2861 est
360 2802 450 2881 qnod
466 2802 508 2862 sit
525 2802 614 2863 unita
628 2803 720 2879 Deo;
744 2824 823 2885 ergo
836 2804 899 2865 hoc
923 2824 988 2865 non
1006 2826 1094 2866 com-

124 2908 207 2987 petit
233 2917 360 2969 naturae
385 2907 569 2969 irrationali.

196 3030 224 3075 2.
252 3013 421 3077 Praeterea.
457 3013 564 3094 Major
588 3015 665 3077 unio
701 3015 834 3097 requirit
865 3017 1022 3097 majorem
1049 3019 1095 3080 di-

124 3120 358 3200 spositionem
383 3120 439 3181 sed
464 3120 524 3182 ista
548 3122 729 3203 assumptio
752 3133 801 3185 est
825 3125 974 3186 maxima
999 3127 1093 3198 uni0;

125 3246 207 3307 ergo
232 3226 364 3307 requirit
388 3226 569 3289 maximam
593 3228 851 3308 dispositionem.
877 3229 942 3292 Sed
966 3231 1026 3293 ista
1050 3233 1095 3293 di-

125 3332 311 3412 spositiofit
334 3353 391 3414 per
406 3333 544 3413 gratiam
568 3334 662 3413 cujus
675 3343 790 3397 natura
814 3336 1004 3398 irrationalis
1028 3359 1092 3400 non

126 3450 179 3501 est
200 3458 322 3519 capax;
347 3459 427 3521 ergo
452 3458 518 3501 non
542 3449 650 3519 potest
674 3442 805 3503 assumi.

200 3560 228 3622 3.
252 3546 420 3607 Praeterea.
452 3545 657 3626 Impossibile
680 3558 729 3609 est
760 3549 850 3629 quod
873 3550 996 3631 aliquid
1020 3551 1094 3612 insit

128 3650 226 3715 alicui
250 3652 306 3713 nisi
341 3651 460 3715 habeat
483 3652 668 3734 appetitum
703 3656 745 3716 ad
770 3655 865 3734 illud;
890 3658 946 3718 sed
979 3668 1094 3719 natura
