2600 4200
272 269 334 347 164
469 309 473 318 -
500 267 575 331 Lm.
600 267 646 330 111
671 266 967 332 Seureurmnuu

313 475 482 549 Praeterea,
507 473 567 536 ista
590 471 684 536 tertia
708 471 819 555 opinio
841 471 1044 554 improbatur
1071 472 1216 554 speciali-

195 651 199 658 ,
248 590 297 646 ter
321 590 484 662 quantum
508 580 550 643 ad
567 579 630 642 hoc
645 581 736 660 quod
753 579 830 641 dicit
854 577 992 642 sormam
1015 599 1085 642 esse
1107 588 1218 642 totam

246 687 464 771 quidditatem
490 685 534 753 rei
557 694 590 749 et
613 707 680 748 non
716 685 894 758 materiam,
922 685 998 768 quia
1021 686 1112 767 quod
1136 685 1219 749 dicit

246 803 352 858 totam
380 793 598 875 quidditatem
629 792 673 856 rei
697 801 745 855 est
779 792 939 856 sufficiens
973 791 1055 854 ratio
1088 793 1219 855 essendi

249 921 317 964 rem
342 900 451 981 illam3
476 900 532 962 sed
556 898 661 962 forma
677 899 731 974 rei,
748 909 830 981 puta
852 897 957 961 forma
973 898 1065 982 ignis,
1083 919 1151 961 non
1168 909 1219 962 est

251 1007 413 1071 sufficiens
436 1007 518 1071 ratio
541 1007 667 1071 essendi
691 1006 822 1088 ignem;
846 1027 926 1089 ergo
949 1003 1054 1068 forma
1077 1025 1143 1068 non
1170 1005 1219 1067 di-

249 1114 292 1176 cit
327 1123 432 1177 totam
468 1114 684 1196 quidditatem
719 1113 773 1180 rei.
798 1113 915 1176 Minor
947 1113 1103 1194 probatur
1138 1112 1219 1194 quia

249 1210 341 1304 quod
363 1229 412 1284 est
439 1221 601 1286 sufficiens
623 1220 706 1283 ratio
740 1220 865 1282 essendi
900 1239 979 1292 rem,
1003 1227 1111 1301 potest
1147 1238 1218 1281 rem

248 1347 374 1411 ponere
397 1327 429 1389 in
452 1348 531 1402 esse,
544 1327 691 1409 quolibet
714 1326 777 1389 alio
800 1325 1061 1408 circumscripto;
1085 1325 1144 1388 sed
1161 1325 1219 1388 cir-

249 1433 446 1515 cumscripta
469 1435 602 1497 materia
625 1455 645 1496 a
670 1454 712 1508 re,
737 1443 817 1515 puta
843 1434 886 1495 ab
921 1433 1005 1516 igne,
1029 1431 1115 1515 ignis
1150 1453 1218 1495 non

252 1548 360 1623 potest
382 1559 472 1620 esse3
495 1561 574 1623 ergo
599 1539 704 1604 lorma
732 1539 824 1623 igniS,
849 1538 1093 1621 circumscripta
1118 1549 1219 1602 mate·

252 1647 308 1721 ria,
333 1667 399 1710 non
421 1656 471 1710 est
494 1646 654 1710 sufficiens
677 1647 759 1709 ratio
781 1646 905 1710 essendi
929 1646 1051 1728 ignem.

321 1755 490 1828 Praeterea,
513 1773 572 1815 ens
593 1753 796 1834 completum
821 1753 852 1815 ln
876 1773 994 1836 genere
1022 1753 1101 1815 nulli
1124 1753 1218 1816 alteri

252 1860 364 1922 unitur
388 1870 425 1922 ut
447 1858 544 1922 saciat
566 1880 623 1942 per
646 1880 680 1922 se
704 1879 806 1922 unum
831 1879 907 1922 cum
931 1861 995 1929 illo,
1019 1860 1075 1922 sed
1108 1861 1219 1922 solum

250 1965 327 2029 lacit
350 1987 455 2028 unum
469 1987 529 2050 per
549 1967 697 2029 accidens
713 1967 763 2030 vel
781 1987 837 2048 per
853 1967 1143 2050 aggregationem
1160 1967 1220 2029 sed
1295 1987 1296 2000 t

250 2073 276 2137 si
289 2072 396 2136 forma
409 2072 464 2148 rei,
478 2083 558 2156 puta
572 2073 665 2158 ignis,
683 2073 760 2137 dicit
772 2081 876 2138 totam
893 2073 1119 2157 quidditatem,
1137 2081 1221 2137 tunc

250 2190 334 2244 esset
358 2201 416 2243 ens
439 2200 497 2262 per
519 2200 555 2243 se
576 2182 778 2263 completum
803 2182 834 2243 in
859 2201 997 2264 genere:
1021 2201 1101 2263 ergo
1138 2181 1221 2244 nulli

250 2287 341 2350 alteri
364 2287 474 2350 unitur
498 2296 534 2350 ut
557 2287 653 2352 faciat
676 2309 733 2369 per
749 2308 783 2351 se
799 2308 913 2361 unum,
931 2298 964 2351 et
980 2298 1057 2351 tunc
1070 2288 1221 2370 sequitur

254 2394 343 2476 quod
368 2392 420 2455 hic
444 2393 527 2475 ignis
549 2400 632 2456 esset
656 2414 758 2456 unum
775 2414 832 2476 per
847 2395 996 2459 accidens
1018 2402 1051 2457 et
1075 2414 1142 2457 non
1159 2414 1222 2477 per
1293 2446 1294 2453 ,

255 2520 299 2575 se,
323 2501 414 2581 quod
436 2510 485 2563 est
508 2500 634 2565 falsum.
1293 2461 1294 2545 l

322 2607 491 2681 Praeterea,
526 2609 617 2688 quod
650 2606 786 2671 includit
819 2608 962 2690 aliquam
997 2607 1223 2691 quidditatem

253 2732 310 2795 per
333 2732 367 2775 se
390 2712 423 2775 in
447 2734 574 2795 genere,
611 2733 670 2776 nec
693 2714 800 2797 aliqua
835 2714 999 2796 quidditas
1033 2715 1064 2776 in
1097 2734 1226 2797 genere

252 2819 387 2882 includit
422 2819 539 2901 ipsum,
566 2820 644 2893 illud
676 2840 741 2883 non
776 2827 825 2883 est
859 2820 891 2883 in
923 2840 1049 2903 genere,
1067 2840 1128 2883 nec
1159 2842 1226 2903 per

252 2944 296 2998 se,
321 2944 381 2987 nec
413 2946 470 3007 per
494 2926 727 3002 reductionem,
756 2926 833 3009 quia
860 2928 949 3008 quod
973 2934 1021 2989 est
1044 2946 1102 3009 per
1126 2948 1162 2990 se
1189 2930 1226 2993 in
1291 2938 1292 3004 l

253 3051 370 3113 genere
408 3032 542 3095 includit
580 3033 795 3115 quidditatem
830 3034 972 3116 aliquam
1011 3034 1148 3117 generis,
1190 3046 1228 3101 et

252 3138 342 3219 quod
379 3147 427 3200 est
461 3138 494 3201 in
533 3160 651 3221 genere
686 3159 742 3222 per
780 3141 1001 3204 reductionem
1041 3140 1230 3208 includitur
1290 3158 1291 3234 l

252 3242 285 3305 in
313 3243 495 3324 quidditate
529 3245 665 3327 alicujus
699 3245 731 3310 in
766 3268 885 3329 genere
919 3268 976 3329 per
999 3267 1050 3328 se;
1085 3268 1173 3332 ergo
1199 3253 1230 3317 si

253 3350 389 3412 materia
419 3351 593 3415 includitur
627 3351 660 3415 in
695 3352 876 3434 quidditate
911 3354 1052 3417 hominis
1081 3366 1115 3418 et
1151 3378 1231 3425 non
1289 3404 1290 3462 ρ

253 3456 390 3519 includit
423 3442 640 3540 quidditatem
676 3458 837 3537 hominis;
868 3480 948 3544 ergo
984 3463 1118 3525 materia
1152 3486 1230 3534 non

253 3561 357 3622 estin
392 3583 520 3643 genere,
545 3585 605 3626 nec
639 3585 696 3646 per
727 3586 770 3641 se,
795 3586 854 3629 nec
890 3587 947 3649 per
982 3568 1231 3637 reductionem.

255 3662 321 3726 Sed
343 3666 434 3746 quod
457 3688 523 3730 non
546 3678 595 3731 est
618 3670 650 3731 in
686 3690 813 3752 genere,
838 3693 898 3736 nec
927 3694 984 3755 per
1007 3693 1124 3737 senec
1166 3700 1234 3761 per
