2600 4200
316 218 508 281 Disrmcr.
534 216 683 281 XXVII
700 216 852 315 Quasi.
882 218 898 281 I
1013 224 1074 299 263

135 395 379 474 descriptionem,
408 406 442 459 et
466 397 559 458 aliud
582 396 666 478 quid
689 408 742 459 est
758 397 945 461 secundum
962 400 1104 459 nominis

137 506 433 582 interpretationem.
520 556 524 562 .

226 608 265 673 Si
289 619 402 671 autem
437 612 605 691 quaeritur
638 610 722 691 quid
755 618 808 673 θεῖ
842 614 1099 674 matrimonium

137 718 325 780 secundum
361 736 457 779 suam
492 718 737 796 descriptionem,
781 737 824 779 an
859 718 1019 780 videlicet
1054 720 1105 781 sit

136 826 331 905 conjunctio
354 825 458 885 maris
482 833 516 885 et
539 822 703 895 foeminae,
728 825 805 887 dico
820 826 912 905 quod
929 824 1022 887 aliud
1045 816 1102 887 est

140 934 387 999 matrimonium,
416 930 510 993 aliud
533 941 586 993 est
613 938 787 991 contractus
821 933 1039 1003 matrimonii,
1064 942 1104 994 θῖ,

137 1040 231 1101 aliud
253 1047 306 1099 est
328 1044 558 1099 sacramentum
581 1038 802 1099 matrimonii.
828 1036 874 1099 Et
904 1048 999 1119 patet
1022 1040 1099 1101 haec

137 1146 312 1208 distinctio
334 1164 466 1225 perse,
501 1146 583 1225 quia
616 1147 855 1205 matrimonium
890 1155 942 1207 est
976 1146 1102 1207 relatio

137 1254 239 1315 realis
261 1254 478 1313 extrinsecus
505 1251 704 1322 adveniens
729 1251 786 1313 vel
821 1252 863 1313 ad
897 1255 1011 1315 minus
1045 1262 1102 1315 θεῖ

136 1361 257 1421 relatio
280 1360 423 1420 rationis
438 1378 643 1439 permanens
658 1361 692 1419 in
706 1358 886 1421 animabus
897 1360 1097 1441 conjugum.

142 1468 323 1527 Contractus
347 1475 459 1527 autem
486 1466 696 1526 matrimonii
713 1474 765 1526 est
800 1467 835 1526 in
870 1464 952 1535 fieri,
978 1476 1011 1527 et
1046 1476 1099 1527 est

137 1575 226 1635 actio
249 1573 305 1634 vel
328 1574 444 1653 passio
468 1573 609 1633 interior
631 1581 666 1633 et
682 1574 841 1633 exterior.
860 1572 1097 1633 Sacramentum

136 1691 249 1742 autem
274 1679 491 1747 matrimonii,
517 1681 598 1761 quia
620 1688 673 1739 est
697 1681 835 1760 signum
861 1681 1005 1761 signans
1022 1699 1100 1741 con·

137 1796 347 1848 contractum
372 1787 591 1855 matrimonii,
620 1787 822 1867 simpliciter
857 1796 909 1847 est
944 1788 978 1847 in
1013 1785 1098 1848 fieri.

136 1892 182 1954 Et
206 1903 287 1955 tunc
310 1892 434 1954 dantur
458 1912 576 1953 eorum
600 1894 702 1954 trium
727 1893 976 1972 descriptiones
1000 1893 1097 1955 tales:

137 2000 263 2067 Primo,
299 2000 381 2078 quid
416 2008 469 2060 est
503 2001 740 2059 matrimonium
752 2022 767 2068 ,·
794 2020 870 2061 nam
907 2000 1099 2061 substantia

136 2109 343 2168 matrimonii
368 2117 420 2168 est
444 2107 618 2167 vinculum
647 2107 884 2168 indissolubile
919 2110 1008 2168 inter
1030 2127 1099 2168 ma·

136 2233 208 2274 rem
232 2223 267 2274 et
289 2211 465 2274 foeminam
490 2233 534 2273 ex
557 2223 676 2274 mutua
711 2214 934 2274 translatione
967 2224 1098 2275 mutuae

137 2321 318 2401 potestatis
341 2339 521 2400 corporum
557 2340 696 2381 suorum
731 2323 766 2382 in
802 2341 838 2381 se
873 2323 1018 2381 invicem
1054 2321 1098 2382 ad

137 2427 381 2506 procreandam
405 2427 536 2506 prolem
568 2427 681 2487 debite
705 2427 924 2488 educandam.
954 2429 1100 2488 Contrac-

137 2541 186 2593 tus
209 2553 291 2594 vero
315 2531 522 2595 matrimonii
548 2544 599 2594 cst
624 2535 728 2594 maris
751 2543 785 2594 et
810 2533 962 2595 foeminae
978 2544 1099 2596 mutua

137 2640 316 2701 translatio
339 2642 520 2719 potestatis
544 2659 683 2701 suorum
719 2659 898 2720 corporum
935 2659 996 2720 pro
1032 2661 1097 2702 usu

137 2758 302 2827 perpetuo
327 2747 369 2806 ad
393 2747 636 2826 procreandam
661 2747 792 2826 prolem
817 2747 930 2807 debite
955 2747 1099 2808 educan-

137 2855 225 2914 dam.
251 2855 488 2914 Sacramentum
514 2873 595 2913 vcro
619 2855 814 2914 matrimoni
839 2864 891 2914 est
919 2857 1096 2932 expressio

137 2971 306 3021 certorum
331 2961 512 3020 verborum
536 2961 641 3020 maris
665 2969 700 3020 et
723 2957 874 3020 ioeminae
900 2959 942 3020 ad
960 2979 996 3020 se
1013 2961 1100 3021 invi-

136 3087 210 3127 cem
235 3065 502 3147 significantium
527 3067 745 3127 traditionem
762 3077 891 3128 mutuae
915 3071 1097 3146 potestatis

136 3193 316 3252 corporum
341 3174 384 3233 ad
408 3174 538 3253 prolem
563 3174 676 3233 debite
700 3175 945 3254 procreandam
962 3194 1007 3234 ex
1031 3175 1098 3234 ins·

137 3281 296 3340 titutione
320 3281 438 3340 divina
460 3277 640 3340 efficaciter
665 3283 808 3360 signans
836 3282 982 3360 gratiam
1017 3301 1097 3342 con·

137 3384 309 3447 ferendam
334 3397 453 3446 mutuo
468 3387 749 3447 contrahentibus
766 3388 808 3447 ad
824 3387 1096 3466 conjunctionem

137 3503 290 3553 mutuam
315 3495 504 3553 animorum
530 3494 727 3573 gratiosam.
760 3531 794 3537 -
823 3492 877 3554 Ex
915 3495 968 3554 his
1002 3505 1098 3573 patet

137 3599 308 3679 quomodo
332 3601 584 3660 matrimonium
598 3609 651 3660 est
662 3601 855 3679 conjunctio
868 3603 971 3660 maris
988 3610 1022 3661 ct
1037 3599 1098 3662 fue·
