2600 4200
203 163 242 236 76
424 159 498 220 Lm.
524 158 575 230 IV¹
601 157 907 220 Sanaauamauu

268 335 337 399 Sed
361 336 494 406 dicitur,
520 346 554 398 et
577 337 674 405 bene,
699 338 791 417 quod
815 336 884 398 illae
918 339 1141 399 auctoritates

179 454 259 505 sunt
283 444 398 524 potius
422 443 559 504 vocales
582 462 685 522 quam
714 444 833 513 reales,
858 462 942 524 ergo
971 445 1000 505 si
1025 444 1144 523 aliqua

179 553 364 612 auctoritas
376 551 471 631 cogit
483 549 524 610 ad
538 550 733 630 ponendum
745 550 973 611 characterem
988 551 1138 630 imprimi

179 659 213 718 in
250 657 439 737 Baptism0‚
469 666 522 717 est
556 657 742 718 auctoritas
776 655 950 725 Ecclesiae,
976 677 1053 737 quae
1086 666 1141 717 est

179 766 330 826 maxima
354 765 548 830 auctoritas,
575 774 612 824 ut
642 765 741 843 ponit
764 762 987 844 Augustinus
1020 772 1144 824 contra

179 869 290 951 Epist:
308 870 545 931 Fundamenti.
565 869 738 950 Arguitur
761 871 824 930 sic:
838 869 892 930 De
908 866 1142 931 Sacramentis

179 978 394 1038 sentiendum
426 986 478 1038 est
513 979 601 1037 sicut
635 977 745 1037 tenuit
779 975 935 1037 Ecclesia
968 975 1142 1048 Romana,

179 1085 295 1144 Extra.
321 1084 357 1143 de
381 1085 550 1143 aceretae.-
575 1083 631 1143 Ad
649 1082 839 1143 abolendam.
857 1080 927 1144 Sed
943 1092 1144 1144 sacrosanta

180 1189 335 1251 Ecclesia
370 1189 530 1250 Romana
564 1190 687 1250 asserit
721 1190 869 1268 imprimi
909 1188 1140 1251 characterem

180 1298 214 1358 in
241 1297 427 1376 Baptismo
464 1295 569 1378 Ergo
607 1296 755 1355 Probatio
789 1298 929 1356 minoris.
959 1297 1077 1356 Extra.
1103 1299 1142 1356 de

179 1405 340 1480 Baptismo
363 1404 482 1480 atejus
504 1401 622 1480 affectu,
650 1408 716 1479 cop.
742 1404 901 1479 majores:
925 1404 985 1482 qui
1004 1401 1071 1464 fide
1088 1423 1144 1464 ac·

179 1510 269 1570 cedit
293 1509 336 1569 ad
360 1509 586 1589 Baptismum.
611 1509 841 1569 characterem
869 1511 1013 1589 suscipit
1036 1508 1144 1570 chris-

180 1617 346 1677 tianitatis
371 1617 585 1696 impressum.

268 1724 400 1783 Diceres
424 1721 515 1802 quod
540 1723 769 1783 characterem
793 1722 1054 1785 christianitatis
1081 1723 1144 1782 im·

179 1847 335 1908 pressum
361 1839 460 1890 vocat
489 1830 600 1907 ipsum
637 1829 864 1907 Baptismum.
906 1828 1029 1895 Contra,
1058 1830 1143 1908 quia

180 1935 305 1996 ibidem
331 1937 485 2015 sequitur
497 1935 588 2015 quod
600 1935 829 1995 characterem
854 1935 1019 2014 imprimit
1032 1953 1144 1995 sacra·

180 2041 339 2103 mentalis
363 2043 536 2123 operati0;
562 2041 622 2103 sed
646 2041 902 2102 sacramentalis
918 2042 1071 2121 operatio
1087 2050 1143 2103 est

180 2149 400 2229 Baptismus;
430 2150 538 2230 igitur
572 2148 771 2228 Baptismus
807 2149 972 2228 imprimit
1006 2147 1144 2210 charac-

180 2266 295 2317 terem.

269 2363 325 2421 Ad
338 2364 428 2421 istam
450 2362 680 2421 conclusionem
698 2362 905 2422 inducuntur
922 2361 1047 2440 aliquae
1063 2380 1143 2422 con·

180 2470 358 2550 gruentiae.

269 2575 382 2633 Prima
406 2583 458 2634 est
481 2574 573 2653 quod
601 2592 793 2654 congruum
828 2581 881 2634 est
915 2574 958 2634 ad
993 2571 1140 2635 formam

180 2678 364 2761 perlectam
381 2682 461 2759 poni
479 2680 627 2760 aliquam
644 2681 903 2759 dispositionem
918 2700 924 2751 ;
950 2680 1011 2740 sed
1028 2681 1143 2762 gratia

181 2796 232 2847 est
255 2784 406 2865 perlecta
429 2784 537 2847 forma
560 2796 594 2846 et
618 2786 907 2866 supernaturalis3
933 2788 1041 2868 igitur
1063 2805 1144 2848 con·

181 2895 274 2975 gruit
298 2894 340 2953 ad
365 2912 439 2953 eam
464 2895 543 2972 poni
570 2892 719 2972 aliquam
747 2893 1007 2973 dispositionem
1025 2912 1144 2973 super-

181 3000 384 3061 naturalem:
403 3001 502 3059 istam
520 3000 778 3079 dispositionem
796 3018 882 3060 voco
899 3000 1141 3061 characterem.

270 3106 411 3165 Secundo
436 3115 487 3166 est
512 3108 597 3166 ista:
622 3125 690 3166 non
715 3116 767 3167 est
801 3125 991 3187 congruum
1026 3105 1140 3168 Deum

180 3213 370 3273 instituisse
395 3212 616 3273 Sacramenta
632 3232 731 3273 novae
747 3212 837 3293 legis
853 3232 928 3273 esse
945 3232 1054 3284 vana;
1079 3212 1141 3274 sed

181 3328 296 3380 essent
320 3338 409 3379 vana
425 3320 490 3380 nisi
508 3320 672 3380 haberent
689 3319 836 3399 aliquem
853 3317 1020 3381 effectum.
1038 3318 1071 3379 N
1073 3338 1141 3380 unc

181 3435 294 3487 autem
319 3445 387 3485 non
412 3444 546 3505 semper
570 3426 696 3486 habent
720 3423 877 3486 effectum
906 3427 964 3505 qui
989 3433 1042 3487 est
1065 3444 1142 3506 gra-

181 3533 242 3603 tia;
268 3551 351 3613 ergo
376 3532 502 3593 habent
526 3531 629 3593 alium
655 3529 822 3599 effectum,
850 3541 885 3593 ct
919 3532 1017 3593 illum
1053 3550 1141 3592 voco
