2600 4200
395 741 711 850 Distinetio
777 739 998 847 XXIV.

354 1016 475 1093 Nunc
506 1016 557 1093 ad
589 1015 1044 1093 considerationem...

307 1212 345 1272 ln
369 1214 428 1271 ista
452 1230 493 1287 24
516 1216 547 1270 et
567 1229 609 1287 25
632 1210 780 1269 Distinet.
805 1214 918 1269 tractat
952 1209 1111 1287 Magister
1143 1210 1181 1269 de

217 1326 408 1379 sacramento
437 1318 576 1384 Ordinis,
604 1323 634 1376 et
657 1318 723 1375 ideo
745 1318 828 1376 circo
853 1318 928 1377 istas
955 1318 1039 1377 Dist.
1072 1334 1180 1395 quoero

217 1427 295 1486 duas
321 1427 523 1501 chustioncs.
548 1424 679 1485 Primo:
727 1424 841 1483 Utrum
876 1426 910 1483 in
944 1424 1082 1485 Ecclesia
1116 1426 1182 1483 sint

218 1538 337 1593 tantum
361 1538 474 1609 septem
503 1531 637 1591 Ordines
660 1552 694 1591 co
718 1531 804 1590 modo
834 1550 894 1609 quo
934 1530 1018 1591 Ordo
1045 1532 1182 1609 ponitur

218 1640 465 1699 Sacramentum.
491 1636 665 1701 Secundo:
698 1638 812 1699 Utrum
830 1643 924 1716 pono
947 1639 1095 1698 cacwnc'co
1123 1640 1180 1697 im-

211 1746 361 1823 pedrola
383 1749 572 1825 susceptione
594 1753 625 1806 ct
644 1747 804 1807 collatione
832 1744 998 1805 Ordinnm.

578 1992 760 2074 QoAEsno
789 1993 815 2055 Ι.

332 2157 387 2216 ild
401 2159 543 2234 primam
570 2157 780 2230 Quoestcbnem
803 2158 846 2215 sic
864 2155 1062 2234 proceditur:

307 2315 453 2377 Videtur
477 2316 569 2394 quod
593 2317 627 2376 in
653 2313 808 2378 Ecclesia
842 2335 909 2377 non
945 2317 1014 2376 sint
1045 2325 1177 2395 septem

218 2421 375 2492 Ordines
400 2425 481 2502 quia
504 2423 648 2503 quilibet
683 2420 778 2484 Ordo
812 2423 914 2483 habet
948 2422 1176 2484 characterem

218 2531 282 2591 sibi
306 2531 495 2610 proprium
521 2549 605 2611 ergo
630 2530 699 2590 illis
723 2539 853 2609 septem
879 2527 1078 2592 Ordinibus
1107 2548 1179 2590 cor-

217 2638 424 2717 respondent
462 2648 592 2716 septem
631 2636 854 2697 characteres
900 2637 1093 2714 Consequens
1124 2645 1178 2696 est

217 2742 351 2812 falsum,
376 2745 457 2823 quia
480 2745 535 2804 isti
560 2743 774 2804 characteres
798 2751 857 2804 aut
890 2751 1006 2803 essent
1040 2743 1176 2819 ejusdem

215 2853 335 2928 specui,
346 2879 351 2887 ›
364 2859 398 2910 et
421 2850 485 2911 hoc
509 2870 586 2917 non,
612 2853 693 2929 quia
708 2850 808 2930 plura
823 2850 1011 2911 accidentia
1025 2848 1177 2929 ejusdem

216 2959 340 3037 speciei
366 2977 433 3018 non
457 2967 602 3037 possunt
625 2975 701 3018 esse
726 2959 759 3018 in
785 2957 903 3017 eodem
928 2975 971 3016 en
983 2975 1014 3032 5.
1034 2955 1175 3032 llletaph.

218 3064 292 3126 Aut
315 3074 430 3126 essent
452 3067 582 3123 alterius
605 3067 725 3141 specui,
754 3073 788 3124 et
815 3064 878 3126 hoc
914 3082 992 3130 non.
1028 3063 1109 3142 quia
1141 3063 1176 3123 in

217 3173 395 3251 speciebus
419 3180 472 3232 est
494 3171 687 3232 essentialis
713 3171 873 3232 nobilitas
897 3170 1004 3250 major
1031 3169 1087 3230 vel
1118 3170 1179 3229 mi·

218 3297 292 3349 nor;
318 3277 378 3338 sod
402 3277 479 3338 talis
504 3277 663 3339 nobilitas
688 3297 754 3337 non
780 3277 915 3337 videtur
931 3294 1033 3355 posse
1046 3276 1176 3356 signari

218 3386 305 3445 inter
329 3386 413 3445 istos
437 3384 662 3454 characteres3
688 3403 773 3465 ergo
790 3385 824 3444 in
842 3381 997 3444 Ecclesia
1012 3401 1078 3442 non
1095 3391 1179 3442 sunt

217 3501 347 3571 septem
372 3489 529 3553 Ordines.

306 3599 345 3657 ln
368 3600 561 3656 contrarium
585 3606 638 3657 est
663 3595 832 3678 Magister
856 3599 889 3656 in
914 3598 1015 3656 litera.
