2600 4200
320 229 509 292 D1sr1ncr.
526 230 652 292 XLIX
677 230 828 312 Quasi.
846 231 880 294 Il
995 235 1059 311 389

120 408 222 470 beato
244 419 429 489 poneretur
451 407 588 480 frustra,
612 411 641 471 si
666 429 809 490 corpora
835 410 1012 472 beatorum
1033 427 1087 472 es-

121 525 198 577 sent
221 516 341 597 agilia;
366 535 460 597 ergo
486 516 648 578 Probatio
673 519 815 586 minoris,
836 518 917 597 quia
933 535 1001 578 non
1018 517 1086 578 erit

122 613 168 683 ibi
192 632 306 684 motus
329 622 462 694 localis;
488 641 567 684 nam
591 631 704 684 motus
728 632 781 684 est
804 625 894 684 entis
914 625 948 684 in
965 633 1087 704 poten·

121 731 170 789 tia
188 748 221 805 3.
247 729 341 805 Phys.
351 753 365 798 ,·
388 731 496 810 igitur
519 747 663 809 corpora
686 730 862 790 beatorum
887 749 955 790 non
982 738 1086 791 erunt

122 836 236 917 agilia.

215 942 329 1002 Contra
352 950 406 1003 est
428 941 514 1003 illud
537 942 612 1019 Sap.
638 961 670 1018 3.
707 941 765 1003 ubi
800 942 938 1003 dicitur:
974 940 1087 1024 fulge·

120 1048 206 1110 bunt
226 1049 309 1128 Justi
334 1049 423 1109 sicut
446 1047 498 1109 sol
522 1058 556 1109 et
571 1059 735 1128 tanquam
753 1049 912 1110 scintillae
930 1050 965 1110 in
982 1069 1086 1110 urun-

120 1155 237 1216 dineto
260 1155 461 1217 discurrent.

212 1260 256 1322 IN
280 1273 365 1323 ISTA
390 1259 624 1341 QUAESTIONE
655 1262 783 1322 veritas
817 1272 870 1323 est
903 1261 996 1322 clara
1021 1281 1087 1342 per

121 1367 332 1449 Apostolum
355 1387 383 1428 ι.
407 1368 452 1427 ad
476 1368 546 1428 Cor,
570 1387 638 1444 15:
663 1369 851 1429 seminatur
874 1387 998 1448 corpus
1014 1369 1087 1430 ani·

121 1474 219 1545 male,
244 1483 365 1556 surget
375 1493 501 1554 corpus
517 1474 712 1554 spirituale;
738 1475 927 1536 seminatur
942 1476 977 1536 in
994 1473 1085 1536 infir·

120 1583 249 1651 mitate,
263 1590 383 1662 surget
395 1581 430 1642 in
443 1582 585 1652 virtute;
599 1581 788 1642 seminatur
801 1581 837 1642 in
854 1582 1084 1662 ignobilitate,

120 1699 242 1769 surget
265 1689 300 1749 in
324 1688 445 1770 gloria.
471 1686 557 1748 Item
589 1687 665 1765 Sap.
697 1707 750 1764 3..·
784 1685 968 1769 fulgebunt
998 1689 1083 1768 justi

94 1803 195 1865 ‘etc.,
220 1805 258 1856 ut
281 1794 469 1876 allegatum
504 1803 565 1855 est.
601 1792 648 1855 Et
683 1793 798 1855 Isaiae:
837 1802 873 1855 et
907 1804 1087 1857 assument

120 1919 253 1981 pennas
277 1909 315 1962 ut
337 1900 464 1981 aquilae
487 1910 521 1962 et
544 1900 712 1962 volabunt
742 1909 777 1961 et
810 1919 877 1962 non
913 1899 1084 1974 deficient,

120 2016 257 2068 current
279 2018 315 2068 et
337 2026 405 2068 non
430 2006 642 2068 laborabunt.
676 2042 717 2051 -
750 2003 820 2068 Sed
853 2006 994 2068 dubium
1030 2017 1086 2070 est

120 2114 233 2195 qualis
256 2115 302 2175 sit
325 2114 388 2176 dos
411 2114 588 2196 agilitatis,
614 2124 647 2175 et
671 2115 784 2195 qualis
799 2114 957 2195 qualitas,
975 2112 1021 2176 Et
1036 2115 1086 2176 di-

120 2222 210 2282 eitur
231 2222 457 2283 communiter
479 2221 571 2301 quod
595 2231 648 2282 est
671 2221 829 2301 quaedam
854 2221 1003 2302 qualitas
1014 2241 1087 2302 qua

119 2326 266 2389 faciliter
288 2338 446 2390 movetur
468 2346 593 2408 corpus
609 2328 653 2388 ad
664 2328 788 2397 locum,
802 2328 876 2389 sive
889 2327 974 2389 illud
990 2328 1084 2408 quod

121 2432 203 2495 iacit
226 2436 481 2514 proportionem
513 2435 656 2495 motoris
687 2434 730 2494 ad
764 2433 890 2495 mobile
925 2431 1086 2496 auferens

121 2541 338 2621 gravitatem,
361 2559 423 2620 per
453 2539 692 2622 Augustinum
727 2558 777 2599 22.
813 2538 865 2599 De
902 2540 967 2600 Cia.
1004 2540 1078 2609 Dei,

120 2666 145 2707 c.
167 2666 200 2722 5.
226 2682 268 2691 -
293 2646 370 2708 Hoc
394 2648 497 2707 etiam
521 2646 687 2726 probatur
709 2664 770 2726 per
793 2648 969 2715 rationem,
1001 2647 1087 2726 quia

122 2754 187 2814 nisi
213 2751 385 2814 auferatur
408 2754 564 2834 gravitas
598 2761 679 2814 tunc
714 2754 925 2832 quietaretur
957 2771 1084 2832 corpus

122 2869 275 2921 nostrum
299 2859 380 2921 alibi
405 2879 507 2940 quam
539 2868 638 2921 extra
669 2867 823 2921 centrum
857 2868 891 2920 et
925 2857 1086 2941 latigare-

120 2975 190 3037 tur;
215 2985 300 3048 ergo
323 2967 479 3047 gravitas
502 2975 537 3027 et
559 2965 754 3046 hujusmodi
778 2965 927 3045 qualitas
950 2984 1018 3027 non
1035 2985 1087 3027 re·

121 3072 272 3134 manebit
296 3074 330 3134 in
353 3092 495 3153 corpore
525 3074 625 3133 beati.
663 3071 733 3135 Sed
767 3072 832 3133 hoc
866 3092 935 3133 non
970 3073 1083 3144 credo,

121 3180 203 3259 quia
226 3198 294 3240 non
319 3179 420 3241 video
443 3179 536 3260 quod
548 3189 820 3259 maneatcorpus
837 3179 1083 3259 hominisquin

120 3296 257 3347 maneat
280 3305 397 3367 grave,
423 3306 490 3348 non
514 3289 605 3348 enim
630 3288 694 3348 erit
718 3289 806 3348 sicut
830 3287 882 3348 sol
905 3286 961 3348 vel
983 3287 1086 3348 stella

121 3395 195 3454 sine
219 3394 400 3474 gravitate,
435 3394 516 3473 quia
550 3412 618 3455 non
654 3403 706 3455 est
741 3393 959 3476 intelligibile
990 3394 1084 3474 quod

121 3508 257 3560 maneat
280 3508 315 3560 et
337 3499 532 3561 dominetur
554 3511 645 3561 terra
677 3501 711 3561 in
746 3520 887 3580 corpore
921 3501 1082 3572 hominis,

120 3616 155 3667 et
178 3606 270 3686 quod
294 3625 362 3667 non
384 3615 521 3668 maneat
544 3609 716 3688 gravitas;
752 3608 858 3668 immo
882 3607 947 3667 hoc
971 3607 1086 3669 dicere
