2600 4200
217 265 258 327 92
473 245 546 308 L1a.
571 247 617 308 111
641 245 933 310 Saurav‘nnnun

948 363 1155 372 —o—----——

194 453 353 515 rationem
377 472 453 533 quae
484 452 561 515 dicit
594 452 696 514 creari
730 462 778 514 est
813 451 980 534 quoddam
1013 451 1089 526 fieri,
1114 453 1161 514 ita

194 561 285 640 quod
319 561 403 622 ultra
437 559 503 621 fieri
539 561 571 622 in
602 559 771 622 communi
806 559 912 641 ipsum
948 559 1047 622 creari
1081 559 1161 622 dicit

193 667 360 748 quendam
384 676 567 748 respectum
591 668 633 728 ad
657 686 789 729 causam
813 667 1004 728 efficientem
1040 666 1162 747 simpli-

173 773 272 834 ¹citer
296 773 446 854 primam,
474 773 552 834 dicit
575 773 673 835 etiarn
709 773 874 854 quendam
910 781 1092 854 respectum
1115 774 1160 834 ad

194 899 260 941 non
284 900 352 941 esse
377 880 563 960 praeccdens
579 888 646 941 tarn
664 879 705 941 ad
726 899 792 942 non
808 899 877 941 esse
892 879 1042 962 negative
1057 897 1160 960 quam

194 986 351 1067 privative
374 995 553 1066 sumptum.

262 1093 320 1154 Ex
343 1091 396 1153 leis
418 1093 575 1173 arguitur
597 1092 662 1154 sic:
688 1091 766 1155 nihil
790 1091 906 1155 dicitur
929 1100 1074 1157 creatura
1099 1092 1159 1154 nisi

193 1200 283 1280 quod
308 1198 421 1260 habuit
444 1198 631 1280 simpliciter
656 1220 720 1261 non
756 1221 824 1262 esse
848 1209 1041 1263 antestium
1065 1220 1158 1274 esse;

193 1306 250 1367 sed
275 1305 421 1368 Christus
445 1317 511 1367 non
542 1306 656 1368 habuit
691 1306 877 1386 simpliciter
902 1327 966 1370 non
990 1328 1058 1370 esse
1080 1315 1159 1368 ante

193 1432 289 1472 suum
303 1432 380 1482 esse,
397 1412 474 1492 quia
493 1411 563 1492 ejus
586 1413 793 1493 suppositum
810 1422 858 1476 est
874 1424 1052 1489 aeternum;
1077 1434 1159 1494 ergo

193 1516 341 1580 Christus
372 1538 439 1580 non
473 1527 521 1580 est
556 1528 724 1581 creatura:
754 1516 977 1604 Confirmatur
1006 1520 1080 1601 quia
1115 1521 1160 1582 de

193 1625 317 1686 ratione
340 1634 495 1686 creaturae
519 1635 567 1686 est
590 1627 682 1706 quod
705 1626 745 1688 sit
773 1626 958 1709 simpliciter
982 1628 1023 1688 de
1057 1627 1159 1688 nihilo

192 1739 225 1792 et
248 1731 337 1811 quod
361 1730 480 1792 habeat
503 1752 571 1793 esse
592 1743 666 1813 post
682 1753 747 1795 non
764 1753 842 1806 esse,
859 1742 891 1795 et
909 1733 973 1796 hoc
995 1715 1160 1816 repugnat

193 1836 323 1900 Christo
358 1856 434 1898 curn
469 1838 509 1899 sit
543 1847 705 1914 aeternns3
742 1859 820 1922 ergo
845 1839 992 1904 Christus
1016 1861 1081 1902 non
1108 1849 1160 1902 est

194 1951 351 2004 creatura.

259 2049 372 2112 ls'rnu
399 2064 604 2115 OPINIONEM
628 2065 804 2117 ravarino
828 2052 902 2117 dico
936 2053 977 2117 ad
1013 2052 1158 2135 primum

193 2156 367 2238 principale
390 2158 529 2239 quodid
545 2160 634 2239 quod
651 2169 765 2221 natum
782 2169 830 2222 est
847 2161 1055 2223 denominare
1077 2180 1159 2241 sup-

193 2262 335 2343 positum
361 2264 483 2326 ratione
507 2276 633 2327 naturae
646 2275 754 2346 potest
770 2266 831 2328 dici
848 2267 889 2328 de
906 2268 959 2329 illo
975 2266 1157 2354 supposit0‚

192 2380 272 2449 puta
296 2370 413 2445 vivere,
431 2371 629 2453 intelligere;
654 2372 744 2453 quod
768 2384 877 2435 autern
895 2394 960 2436 non
976 2384 1025 2435 est
1041 2384 1158 2435 natum

191 2475 401 2538 denominare
425 2477 502 2539 illud
526 2479 732 2561 suppositum
757 2499 823 2541 non
848 2490 955 2561 potest
967 2480 1027 2543 dici
1049 2480 1089 2541 de
1104 2500 1158 2553 eo,

191 2582 268 2663 quia
291 2584 410 2646 creatio
435 2584 541 2665 passio
562 2605 627 2648 non
643 2594 692 2648 est
710 2594 822 2647 natum
847 2587 1056 2650 denominare
1078 2606 1158 2669 sup-

192 2688 334 2770 positum
358 2690 516 2764 divinum,
541 2692 638 2772 igitur
662 2713 728 2755 non
752 2692 869 2755 dicitur
893 2694 933 2756 de
956 2714 1004 2756 eo.

258 2796 317 2857 Ad
334 2797 510 2884 secundum
534 2798 651 2861 dicitur
674 2820 827 2862 concessa
863 2800 985 2881 majore
1008 2801 1158 2883 proposi·

193 2900 290 2972 tione,
315 2902 431 2965 dicitur
454 2905 545 2985 quod
568 2905 682 2967 divisio
706 2916 753 2969 est
770 2906 972 2993 insufficiens,
990 2907 1066 2989 quia
1083 2906 1159 2970 licet

190 3006 244 3069 illa
267 3009 380 3072 divisio
403 3010 443 3071 sit
463 3030 538 3072 vera
556 3012 596 3073 de
612 3012 702 3074 omni
718 3021 834 3075 natura
852 3012 884 3074 in
900 3034 943 3087 se,
961 3034 1026 3075 non
1043 3022 1157 3076 tamen

189 3122 240 3176 est
262 3135 337 3176 vera
360 3116 401 3177 de
425 3126 540 3178 natura
575 3138 651 3198 quae
687 3119 831 3199 implicat
866 3120 1070 3202 suppositum
1102 3120 1157 3182 cui

190 3229 352 3303 repugnat
385 3222 430 3284 sic
453 3224 678 3299 denominari;
714 3236 829 3288 natura
864 3236 974 3289 autem
1010 3226 1156 3289 humana

189 3335 238 3388 est
262 3327 293 3388 in
317 3329 486 3409 supposito
510 3329 631 3404 divino,
656 3332 707 3393 cui
731 3332 901 3414 supposito
924 3342 1086 3416 repugnat
1102 3336 1157 3396 ‹le-

190 3432 348 3495 nominari
372 3454 392 3495 a
415 3435 577 3499 creatione
601 3438 737 3518 passiva.

256 3540 315 3601 Ad
349 3542 480 3603 tertium
512 3542 629 3605 dicitur
664 3545 754 3625 quod
789 3546 895 3609 omnis
924 3546 1090 3628 quidditas
1122 3546 1154 3610 in

189 3644 353 3708 abstracto
388 3648 613 3731 cujuscunque
636 3651 761 3732 generis
786 3650 883 3715 habet
914 3672 974 3735 pro
997 3653 1156 3735 superiori
