2600 4200
379 244 570 306 Drsrmcr.
596 243 685 306 VIII
711 244 862 324 QuAEs‘r.
888 246 904 307 Ι
1057 267 1095 325 97

156 413 302 475 ferentia
344 433 421 493 quae
464 423 516 475 est
559 416 647 475 inter
686 413 938 476 Eucharistiam
982 425 1016 476 et
1055 416 1123 477 alia

157 521 380 582 Sacramenta
403 540 503 581 novae
526 520 625 602 legis.
1062 529 1065 532 ’

247 627 360 686 Prima
384 636 437 688 est
461 627 553 707 quod
570 626 637 688 alia
653 624 875 688 Sacramenta
891 629 1026 689 veracia
1041 638 1122 690 sunt

157 742 323 812 quantum
363 743 415 795 est
453 734 496 794 de
534 753 581 803 se,
621 743 736 795 tamen
770 735 975 815 quandoque
1005 744 1122 796 carent

157 837 281 901 effectu
306 841 444 921 signato
467 851 607 920 propter
623 841 920 920 indispositionem
937 842 1122 921 suscipien-

157 949 212 1008 tis
239 945 337 1008 Istud
372 956 484 1008 autem
521 944 780 1008 Sacramentum
813 966 998 1028 numquam
1030 956 1122 1009 caret

156 1071 220 1115 suo
244 1055 392 1135 signate.

247 1161 389 1222 Secunda
413 1158 602 1238 differentia¹
617 1169 670 1220 est
693 1160 785 1240 quod
810 1161 900 1221 istud
925 1157 1122 1222 Sacramen-

156 1275 240 1338 tum,
266 1267 358 1347 quod
382 1264 556 1348 significat
587 1267 651 1328 hoc
682 1266 819 1327 realiter
853 1269 1018 1340 continet;
1055 1267 1122 1328 alia

158 1383 272 1434 autern
298 1393 366 1435 non
390 1375 566 1435 continent
589 1372 726 1434 realiter
749 1372 842 1452 quod
866 1375 1015 1455 signant.

254 1477 358 1540 Teriz'a
382 1478 561 1557 dfiereniia
586 1488 638 1541 est
672 1459 778 1559 quod
799 1480 867 1542 alia
901 1479 1122 1542 Sacramenta

157 1588 299 1668 signant
311 1588 459 1668 gratiam
476 1586 720 1648 accidentalem
736 1597 771 1648 et
783 1588 1014 1658 inhaerentem,
1028 1587 1120 1650 istud

155 1704 269 1755 autem
302 1695 419 1775 signat
454 1695 599 1775 gratiam
636 1693 890 1763 subsistentem,
915 1693 1004 1755 idest
1033 1696 1122 1756 exis-

156 1801 300 1862 tentiam
325 1799 487 1880 Corporis
510 1799 647 1861 Christi.

249 1907 373 1982 Quarta
397 1905 578 1984 differentia
601 1916 655 1967 est
678 1907 770 1986 quod
793 1908 908 1968 omnia
924 1907 992 1968 alia
1004 1905 1122 1969 Sacra·

153 2023 272 2075 menta
294 2016 487 2076 consistunt
511 2015 544 2074 in
570 2033 634 2074 usu
659 2022 694 2074 et
709 2015 744 2075 in
761 2011 845 2083 fieri,
862 2015 910 2075 ita
926 2014 1018 2094 quod
1030 2014 1119 2076 idem

153 2132 207 2184 est
231 2121 278 2183 ibi
303 2120 561 2183 Sacramentum
575 2131 608 2182 et
632 2122 806 2201 perceptio
823 2118 1045 2192 Sacramenti‚
1058 2141 1121 2183 nec

155 2238 336 2309 permanet
359 2228 489 2307 aliquid
513 2227 605 2307 quod
629 2230 675 2288 sit
687 2226 957 2298 Sacramentum,
974 2229 1036 2289 sed
1052 2247 1121 2290 ces

153 2343 231 2396 sant
255 2344 411 2396 cessante
436 2334 495 2395 tali
521 2352 595 2404 usu,
621 2342 659 2395 ut
682 2344 777 2414 patet
808 2336 843 2395 in
875 2335 1055 2414 Baptismo
1086 2344 1120 2397 et

153 2442 227 2520 ejus
252 2442 480 2523 perceptione.
506 2438 576 2502 Sed
592 2440 657 2501 hoc
671 2439 929 2502 Sacramentum
946 2451 999 2502 est
1016 2442 1121 2521 quod·

153 2548 233 2609 dam
257 2566 463 2627 permanens
487 2548 589 2608 etiam
614 2555 694 2607 ante
718 2566 827 2609 usum.

243 2760 308 2825 Do
333 2760 460 2824 tertia
487 2759 758 2824 Corwltteimw
780 2760 857 2822 dico
881 2760 973 2841 quod
1001 2760 1119 2822 Sacra·

152 2877 307 2929 mentum
331 2866 558 2929 Eucharistiae
574 2876 626 2927 est
642 2886 748 2928 unum
765 2868 896 2929 unitate
913 2869 1113 2944 integritatis,

153 2993 223 3035 non
247 2993 353 3035 unum
377 2976 508 3035 unitate
532 2974 800 3037 indivisibiliiaizs.
833 2972 892 3035 Ad
923 2973 1021 3053 cujus
1051 2975 1120 3034 evi·

152 3081 304 3141 dentiam
328 3091 380 3141 est
397 3080 584 3142 notandum
601 3080 694 3160 quod
710 3079 844 3161 Corpus
861 3080 986 3142 Christi
1005 3089 1120 3159 potest

152 3188 261 3267 accipi
286 3188 412 3255 stricte,
437 3197 539 3268 prout
557 3187 700 3249 includit
712 3189 747 3250 in
764 3206 801 3249 se
818 3196 933 3267 partes
949 3188 1118 3248 animatas

151 3294 267 3354 anima
290 3292 427 3363 Christi,
452 3295 549 3373 cujus
573 3312 653 3373 pars
677 3314 745 3355 non
769 3304 821 3355 est
853 3295 1006 3375 sanguis,
1040 3293 1119 3354 licet

151 3402 196 3461 sit
222 3401 257 3460 in
281 3402 435 3480 potentia
458 3401 651 3480 propinqua
675 3410 713 3461 ut
736 3411 957 3461 convertatur
985 3402 1018 3460 in
1050 3418 1119 3460 car·

152 3524 230 3567 nem
262 3508 456 3576 animatam,
493 3517 527 3567 et
561 3508 610 3567 sic
644 3525 770 3586 corpus
804 3516 857 3566 est
891 3508 1119 3567 essentialiter

151 3612 249 3673 aliud
272 3633 292 3673 a
316 3615 494 3694 sanguine.
521 3612 604 3673 Alio
628 3612 730 3673 modo
747 3622 861 3693 potest
878 3610 1010 3692 Corpus
1025 3611 1119 3674 Chri-
