2600 4200
220 208 281 281 278
449 202 524 263 Lm.
549 201 601 263 IV
626 200 932 263 Suu‘snxmxuir

277 381 401 440 Contra.
416 380 494 440 Non
507 389 560 441 est
572 382 687 441 minus
700 376 888 441 favorabile
900 382 1158 441 matrimonium

191 488 374 567 spirituale
386 506 487 567 quam
500 487 650 557 carnale;
665 487 725 547 sed
741 506 930 548 consensus
942 497 1081 549 coactus
1098 489 1160 547 im-

194 594 290 674 pedit
313 593 566 654 matrimonium
583 594 775 673 spirituale;
794 595 910 675 igitur,
928 604 991 655 etc.
1009 593 1159 653 Probatio

193 703 337 769 minoris,
358 703 439 780 quia
454 719 642 761 consensus
666 710 804 762 coactus
821 700 964 781 impedit
976 698 1159 781 professio-

178 826 273 869 nem
306 808 495 888 religionis,
528 817 565 867 ut
599 807 743 868 habetur
766 828 816 869 20.
841 830 870 886 q.
892 827 925 884 3.
949 829 974 867 c.
1000 808 1155 867 Proesens.

286 914 346 975 Au
371 927 575 976 secuuntur
600 912 865 993 QuAEsrrouau
890 934 958 995 qua
974 916 1155 994 quaeritur:

194 1020 322 1082 Utrum
346 1040 534 1081 consensus
558 1031 696 1098 coactus
720 1020 865 1083 sufficiat
889 1021 931 1083 ad
959 1021 1157 1082 contrahen-

192 1128 277 1189 dum
300 1130 564 1195 matrimonium,
589 1137 641 1188 est
666 1149 734 1189 una
757 1130 872 1208 opinio
888 1148 967 1209 quae
984 1128 1052 1189 duo
1064 1128 1155 1188 dicit.

195 1235 308 1294 Primo
323 1236 413 1296 enim
430 1236 513 1297 dicit
535 1236 627 1316 quod
651 1236 766 1297 nullus
789 1246 903 1316 potest
925 1237 1004 1317 cogi
1021 1237 1065 1297 ad
1081 1256 1158 1297 con-

193 1360 335 1403 sensum
352 1342 556 1411 interiorem,
582 1353 696 1423 potest
719 1354 832 1404 tamen
856 1344 934 1425 cogi
959 1342 1003 1403 ad
1018 1362 1158 1405 consen·

194 1467 272 1510 sum
305 1450 508 1511 exteriorem
532 1461 671 1530 propter
705 1452 824 1517 minas.
860 1460 898 1511 ut
928 1451 1018 1512 dicat
1053 1452 1158 1511 verba

194 1556 425 1635 exprimentia
447 1576 661 1618 consensum.
687 1558 826 1618 Secundo
837 1558 920 1619 dicit
935 1558 1028 1637 quod
1043 1556 1160 1619 Eccle

194 1662 249 1722 sia
272 1664 450 1741 praesumit
472 1663 569 1724 illurn
593 1682 797 1725 consensum
815 1665 872 1744 qui
891 1661 1015 1725 sufficit
1031 1664 1074 1725 ad
1091 1684 1159 1725 ma-

195 1769 392 1830 trimonium
425 1770 707 1841 contrahendum;
733 1772 892 1833 voluntas
926 1772 1016 1832 enim
1040 1782 1160 1833 coacta

196 1877 357 1936 voluntas
389 1888 441 1937 est
464 1877 650 1937 secundum
677 1878 925 1959 Augustinum.

291 1984 406 2042 Contra
423 1986 567 2060 primum
592 1984 707 2043 dicium
733 1984 890 2063 objicitur
913 1986 976 2045 sic:
1010 1982 1160 2064 Quicun-

195 2110 264 2171 que
286 2091 423 2172 cogitur
445 2090 488 2152 ad
511 2091 642 2170 aliquid
666 2091 758 2171 quod
781 2111 848 2152 non
862 2099 975 2171 potest
991 2109 1067 2152 esse
1084 2092 1158 2153 sine

195 2198 265 2259 alio
284 2200 414 2278 absque
430 2209 569 2278 peccato
585 2199 720 2259 mortali
738 2201 875 2280 cogitur
889 2198 932 2259 ad
948 2199 1034 2259 illud
1049 2199 1156 2270 aliud;

195 2307 259 2366 sed
283 2307 347 2366 iste
371 2325 432 2385 per
455 2315 488 2366 te
512 2307 650 2386 cogitur
672 2317 765 2366 metu
789 2306 833 2366 ad
856 2306 1036 2366 dicendum
1054 2307 1158 2366 verba

196 2413 369 2473 exteriora
391 2414 434 2473 ad
457 2414 717 2491 exprimendum
742 2431 960 2483 consensum
1001 2413 1061 2474 sed
1100 2411 1159 2472 illa

198 2539 266 2580 non
291 2529 436 2599 possunt
460 2538 535 2579 csse
552 2520 626 2579 sine
638 2537 808 2580 consensu
826 2519 976 2580 interiori
994 2521 1068 2580 sine
1084 2537 1159 2598 pec-

196 2637 274 2687 cato
298 2627 447 2694 mortali;
473 2627 581 2706 igitur
591 2627 729 2706 cogitur
745 2627 787 2686 ad
804 2643 1007 2686 consensum
1025 2627 1159 2686 interio·

196 2752 279 2793 rem.
305 2735 415 2792 illinor
438 2743 603 2812 quantum
627 2733 671 2792 ad
688 2735 830 2809 primam
853 2737 978 2809 partem
1002 2741 1055 2793 est
1078 2743 1156 2802 tua:

197 2850 363 2919 quantum
388 2850 500 2900 autem
529 2841 572 2900 ad
605 2840 782 2906 secundam,
821 2849 924 2917 patet,
960 2840 1041 2918 quia
1074 2857 1159 2918 prae·

196 2947 283 3006 bens
307 2948 341 3006 in
365 2947 582 3008 matrimonio
609 2964 813 3007 consensum
848 2946 1051 3006 exteriorem
1084 2946 1158 3006 sine

198 3054 350 3114 interiori
374 3073 542 3114 consensu
567 3051 648 3114 lacit
672 3053 884 3114 mendacium
918 3053 1157 3132 perniciosum.

197 3159 291 3238 quod
315 3170 367 3220 est
390 3171 566 3239 peccatum
590 3160 741 3221 mortale.
768 3197 808 3202 —
834 3157 905 3220 lsta
928 3168 1041 3219 autem
1074 3161 1159 3219 ratio

198 3275 273 3326 tota
295 3265 514 3328 confirmatur
537 3268 571 3327 in
604 3267 763 3346 exemplo
798 3267 936 3345 duplici.
973 3265 1092 3332 Primo,
1129 3267 1157 3325 si

198 3373 301 3434 alicui
318 3393 386 3434 non
404 3374 519 3434 liceret
536 3375 728 3434 consentire
745 3374 897 3441 interius,
916 3371 1031 3433 nullus
1047 3363 1160 3433 metus

198 3481 337 3542 deberet
361 3500 438 3540 eum
464 3481 622 3541 inducere
645 3480 688 3540 ad
712 3453 951 3559 proferendum
976 3481 1080 3540 verba
1103 3497 1162 3539 ex·

199 3589 316 3651 terius.
342 3588 430 3647 sicut
454 3598 544 3647 esset
568 3589 609 3647 de
644 3587 808 3667 religioso
842 3587 899 3666 qui
938 3585 1031 3646 nullo
1065 3595 1160 3646 metu

198 3693 338 3753 deberet
362 3693 475 3753 induci
500 3693 542 3752 ad
567 3693 747 3754 dicendum
772 3694 846 3753 haec
863 3693 980 3760 verba;
998 3700 1057 3752 aut
1068 3693 1161 3753 enim
