<?xml version="1.0" encoding="UTF-8"?>
<!DOCTYPE html PUBLIC "-//W3C//DTD XHTML 1.0 Transitional//EN"
    "http://www.w3.org/TR/xhtml1/DTD/xhtml1-transitional.dtd">
<html xmlns="http://www.w3.org/1999/xhtml" xml:lang="en" lang="en">
 <head>
  <title>
</title>
<meta http-equiv="Content-Type" content="text/html;charset=utf-8" />
  <meta name='ocr-system' content='tesseract 3.04.00' />
  <meta name='ocr-capabilities' content='ocr_page ocr_carea ocr_par ocr_line ocrx_word'/>
</head>
<body>
  <div class='ocr_page' id='page_1' title='image "./commentariainli02scotgoog_0103.png"; bbox 0 0 2600 4200; ppageno 0'>
   <div class='ocr_carea' id='block_1_1' title="bbox 328 234 1046 316">
    <p class='ocr_par' dir='ltr' id='par_1_1' title="bbox 328 234 1046 316">
     <span class='ocr_line' id='line_1_1' title="bbox 328 234 1046 316; baseline 0.003 -20"><span class='ocrx_word' id='word_1_1' title='bbox 328 235 515 299; x_wconf 78' lang='lat' dir='ltr'>Drsrmer.</span> <span class='ocrx_word' id='word_1_2' title='bbox 539 235 572 298; x_wconf 90' lang='lat' dir='ltr'>X</span> <span class='ocrx_word' id='word_1_3' title='bbox 597 234 747 316; x_wconf 69' lang='lat' dir='ltr'>Quasi.</span> <span class='ocrx_word' id='word_1_4' title='bbox 772 237 802 298; x_wconf 90' lang='lat' dir='ltr'>ll</span> <span class='ocrx_word' id='word_1_5' title='bbox 1005 238 1046 314; x_wconf 86' lang='lat'>87</span> 
     </span>
    </p>
   </div>
   <div class='ocr_carea' id='block_1_2' title="bbox 118 457 1077 3742">
    <p class='ocr_par' dir='ltr' id='par_1_2' title="bbox 123 457 1069 839">
     <span class='ocr_line' id='line_1_2' title="bbox 123 457 1067 554; baseline 0.004 -38"><span class='ocrx_word' id='word_1_6' title='bbox 123 475 209 535; x_wconf 89' lang='lat' dir='ltr'>quam</span> <span class='ocrx_word' id='word_1_7' title='bbox 231 457 348 520; x_wconf 85' lang='lat' dir='ltr'>inveni.</span> <span class='ocrx_word' id='word_1_8' title='bbox 381 496 416 504; x_wconf 94' lang='lat'><em>-</em></span> <span class='ocrx_word' id='word_1_9' title='bbox 439 459 522 521; x_wconf 83' lang='lat' dir='ltr'><strong>Item</strong></span> <span class='ocrx_word' id='word_1_10' title='bbox 550 459 658 554; x_wconf 76' lang='lat' dir='ltr'>glossa</span> <span class='ocrx_word' id='word_1_11' title='bbox 683 461 717 522; x_wconf 83' lang='lat' dir='ltr'>in</span> <span class='ocrx_word' id='word_1_12' title='bbox 743 459 848 540; x_wconf 79' lang='lat' dir='ltr'>Epist.</span> <span class='ocrx_word' id='word_1_13' title='bbox 873 459 921 520; x_wconf 84' lang='lat' dir='ltr'>od</span> <span class='ocrx_word' id='word_1_14' title='bbox 940 457 1067 540; x_wconf 70' lang='lat' dir='ltr'>Philip.</span> 
     </span>
     <span class='ocr_line' id='line_1_3' title="bbox 124 561 1067 648; baseline 0.001 -23"><span class='ocrx_word' id='word_1_15' title='bbox 124 561 265 639; x_wconf 82' lang='lat' dir='ltr'>Christus,</span> <span class='ocrx_word' id='word_1_16' title='bbox 289 565 321 627; x_wconf 92' lang='lat' dir='ltr'>in</span> <span class='ocrx_word' id='word_1_17' title='bbox 344 576 505 648; x_wconf 90' lang='lat' dir='ltr'>quantum</span> <span class='ocrx_word' id='word_1_18' title='bbox 526 565 639 640; x_wconf 87' lang='lat' dir='ltr'>homo,</span> <span class='ocrx_word' id='word_1_19' title='bbox 663 566 838 647; x_wconf 86' lang='lat' dir='ltr'>assumpsit</span> <span class='ocrx_word' id='word_1_20' title='bbox 851 587 970 628; x_wconf 93' lang='lat' dir='ltr'>nomen</span> <span class='ocrx_word' id='word_1_21' title='bbox 996 565 1067 640; x_wconf 88' lang='lat' dir='ltr'>Dei,</span> 
     </span>
     <span class='ocr_line' id='line_1_4' title="bbox 124 673 1069 756; baseline 0.005 -27"><span class='ocrx_word' id='word_1_22' title='bbox 124 689 178 732; x_wconf 89' lang='lat' dir='ltr'>non</span> <span class='ocrx_word' id='word_1_23' title='bbox 198 692 253 752; x_wconf 91' lang='lat' dir='ltr'>per</span> <span class='ocrx_word' id='word_1_24' title='bbox 276 673 415 754; x_wconf 84' lang='lat' dir='ltr'>gratiam</span> <span class='ocrx_word' id='word_1_25' title='bbox 438 673 634 755; x_wconf 90' lang='lat' dir='ltr'>adoptionis,</span> <span class='ocrx_word' id='word_1_26' title='bbox 659 673 715 736; x_wconf 91' lang='lat' dir='ltr'>sed</span> <span class='ocrx_word' id='word_1_27' title='bbox 739 693 796 754; x_wconf 91' lang='lat' dir='ltr'>per</span> <span class='ocrx_word' id='word_1_28' title='bbox 810 673 948 756; x_wconf 84' lang='lat' dir='ltr'>gratiam</span> <span class='ocrx_word' id='word_1_29' title='bbox 977 673 1069 735; x_wconf 92' lang='lat' dir='ltr'>unio·</span> 
     </span>
     <span class='ocr_line' id='line_1_5' title="bbox 125 776 171 839; baseline 0.043 -2"><span class='ocrx_word' id='word_1_30' title='bbox 125 776 171 839; x_wconf 87' lang='lat' dir='ltr'>nis.</span> 
     </span>
    </p>

    <p class='ocr_par' dir='ltr' id='par_1_3' title="bbox 120 885 1074 2248">
     <span class='ocr_line' id='line_1_6' title="bbox 176 885 1069 967; baseline 0.003 -22"><span class='ocrx_word' id='word_1_31' title='bbox 176 885 321 948; x_wconf 84' lang='lat' dir='ltr'>Dubium</span> <span class='ocrx_word' id='word_1_32' title='bbox 344 895 452 948; x_wconf 84' lang='lat' dir='ltr'>tamen</span> <span class='ocrx_word' id='word_1_33' title='bbox 475 896 523 948; x_wconf 84' lang='lat' dir='ltr'>est</span> <span class='ocrx_word' id='word_1_34' title='bbox 544 887 569 948; x_wconf 89' lang='lat' dir='ltr'>si</span> <span class='ocrx_word' id='word_1_35' title='bbox 593 886 653 949; x_wconf 83' lang='lat' dir='ltr'>ista</span> <span class='ocrx_word' id='word_1_36' title='bbox 676 887 840 950; x_wconf 88' lang='lat' dir='ltr'><strong>conclusio</strong></span> <span class='ocrx_word' id='word_1_37' title='bbox 864 894 971 966; x_wconf 87' lang='lat' dir='ltr'>potest</span> <span class='ocrx_word' id='word_1_38' title='bbox 998 907 1069 967; x_wconf 90' lang='lat' dir='ltr'>pro-</span> 
     </span>
     <span class='ocr_line' id='line_1_7' title="bbox 124 989 1070 1074; baseline 0.003 -23"><span class='ocrx_word' id='word_1_39' title='bbox 124 989 180 1052; x_wconf 85' lang='lat' dir='ltr'>bari</span> <span class='ocrx_word' id='word_1_40' title='bbox 211 1014 267 1074; x_wconf 92' lang='lat' dir='ltr'>per</span> <span class='ocrx_word' id='word_1_41' title='bbox 288 993 434 1074; x_wconf 85' lang='lat' dir='ltr'>aliquam</span> <span class='ocrx_word' id='word_1_42' title='bbox 469 994 634 1056; x_wconf 85' lang='lat' dir='ltr'>efficacem</span> <span class='ocrx_word' id='word_1_43' title='bbox 668 993 839 1055; x_wconf 86' lang='lat' dir='ltr'>tationem.</span> <span class='ocrx_word' id='word_1_44' title='bbox 865 993 908 1054; x_wconf 90' lang='lat' dir='ltr'>Et</span> <span class='ocrx_word' id='word_1_45' title='bbox 943 993 1070 1055; x_wconf 86' lang='lat' dir='ltr'>videtur</span> 
     </span>
     <span class='ocr_line' id='line_1_8' title="bbox 123 1099 1068 1182; baseline 0.004 -26"><span class='ocrx_word' id='word_1_46' title='bbox 123 1099 198 1176; x_wconf 91' lang='lat' dir='ltr'>quod</span> <span class='ocrx_word' id='word_1_47' title='bbox 219 1119 296 1173; x_wconf 91' lang='lat' dir='ltr'>non,</span> <span class='ocrx_word' id='word_1_48' title='bbox 321 1101 383 1162; x_wconf 90' lang='lat' dir='ltr'>sic:</span> <span class='ocrx_word' id='word_1_49' title='bbox 408 1101 484 1181; x_wconf 90' lang='lat' dir='ltr'>quia</span> <span class='ocrx_word' id='word_1_50' title='bbox 509 1100 627 1182; x_wconf 88' lang='lat' dir='ltr'>probat</span> <span class='ocrx_word' id='word_1_51' title='bbox 651 1121 723 1161; x_wconf 90' lang='lat' dir='ltr'>eam</span> <span class='ocrx_word' id='word_1_52' title='bbox 760 1099 907 1161; x_wconf 86' lang='lat' dir='ltr'>Thomas</span> <span class='ocrx_word' id='word_1_53' title='bbox 925 1109 1014 1180; x_wconf 83' lang='lat' dir='ltr'>port.</span> <span class='ocrx_word' id='word_1_54' title='bbox 1035 1117 1068 1178; x_wconf 72' lang='lat'>5.</span> 
     </span>
     <span class='ocr_line' id='line_1_9' title="bbox 123 1205 1070 1289; baseline 0.002 -23"><span class='ocrx_word' id='word_1_55' title='bbox 123 1225 147 1283; x_wconf 86' lang='lat' dir='ltr'>q.</span> <span class='ocrx_word' id='word_1_56' title='bbox 166 1224 213 1284; x_wconf 71' lang='lat' dir='ltr'>aj.</span> <span class='ocrx_word' id='word_1_57' title='bbox 235 1218 299 1269; x_wconf 82' lang='lat' dir='ltr'>ort.</span> <span class='ocrx_word' id='word_1_58' title='bbox 324 1225 357 1289; x_wconf 78' lang='lat'>4.</span> <span class='ocrx_word' id='word_1_59' title='bbox 381 1207 443 1269; x_wconf 88' lang='lat' dir='ltr'>sic:</span> <span class='ocrx_word' id='word_1_60' title='bbox 468 1205 580 1269; x_wconf 87' lang='lat' dir='ltr'>filiatio</span> <span class='ocrx_word' id='word_1_61' title='bbox 602 1216 653 1269; x_wconf 86' lang='lat' dir='ltr'>est</span> <span class='ocrx_word' id='word_1_62' title='bbox 675 1206 819 1269; x_wconf 86' lang='lat' dir='ltr'>conditio</span> <span class='ocrx_word' id='word_1_63' title='bbox 841 1207 999 1288; x_wconf 86' lang='lat' dir='ltr'>suppositi</span> <span class='ocrx_word' id='word_1_64' title='bbox 1020 1207 1070 1268; x_wconf 90' lang='lat' dir='ltr'>vel</span> 
     </span>
     <span class='ocr_line' id='line_1_10' title="bbox 123 1313 1069 1394; baseline -0.003 -21"><span class='ocrx_word' id='word_1_65' title='bbox 123 1329 271 1390; x_wconf 83' lang='lat' dir='ltr'>personae;</span> <span class='ocrx_word' id='word_1_66' title='bbox 296 1313 355 1375; x_wconf 88' lang='lat' dir='ltr'>sed</span> <span class='ocrx_word' id='word_1_67' title='bbox 379 1313 411 1375; x_wconf 90' lang='lat' dir='ltr'>in</span> <span class='ocrx_word' id='word_1_68' title='bbox 436 1313 566 1377; x_wconf 90' lang='lat' dir='ltr'>Christo</span> <span class='ocrx_word' id='word_1_69' title='bbox 590 1323 639 1375; x_wconf 90' lang='lat' dir='ltr'>est</span> <span class='ocrx_word' id='word_1_70' title='bbox 663 1333 765 1374; x_wconf 89' lang='lat' dir='ltr'>unum</span> <span class='ocrx_word' id='word_1_71' title='bbox 791 1313 997 1394; x_wconf 89' lang='lat' dir='ltr'>suppositum</span> <span class='ocrx_word' id='word_1_72' title='bbox 1015 1333 1069 1375; x_wconf 89' lang='lat' dir='ltr'>seu</span> 
     </span>
     <span class='ocr_line' id='line_1_11' title="bbox 123 1418 1072 1500; baseline 0.001 -21"><span class='ocrx_word' id='word_1_73' title='bbox 123 1436 244 1496; x_wconf 90' lang='lat' dir='ltr'>persona</span> <span class='ocrx_word' id='word_1_74' title='bbox 274 1429 310 1482; x_wconf 91' lang='lat' dir='ltr'>et</span> <span class='ocrx_word' id='word_1_75' title='bbox 340 1420 520 1482; x_wconf 89' lang='lat' dir='ltr'>secundum</span> <span class='ocrx_word' id='word_1_76' title='bbox 544 1419 623 1482; x_wconf 92' lang='lat' dir='ltr'>illud</span> <span class='ocrx_word' id='word_1_77' title='bbox 658 1418 864 1500; x_wconf 87' lang='lat' dir='ltr'>suppositum</span> <span class='ocrx_word' id='word_1_78' title='bbox 900 1429 948 1482; x_wconf 89' lang='lat' dir='ltr'>est</span> <span class='ocrx_word' id='word_1_79' title='bbox 972 1419 1072 1480; x_wconf 89' lang='lat' dir='ltr'>Filius</span> 
     </span>
     <span class='ocr_line' id='line_1_12' title="bbox 122 1525 1072 1608; baseline 0.001 -24"><span class='ocrx_word' id='word_1_80' title='bbox 122 1525 260 1588; x_wconf 88' lang='lat' dir='ltr'>naturalis</span> <span class='ocrx_word' id='word_1_81' title='bbox 283 1547 351 1589; x_wconf 91' lang='lat' dir='ltr'>non</span> <span class='ocrx_word' id='word_1_82' title='bbox 374 1526 565 1608; x_wconf 87' lang='lat' dir='ltr'>adoptivus;</span> <span class='ocrx_word' id='word_1_83' title='bbox 589 1547 668 1607; x_wconf 81' lang='lat' dir='ltr'>ergo</span> <span class='ocrx_word' id='word_1_84' title='bbox 690 1525 836 1590; x_wconf 88' lang='lat' dir='ltr'>Christus</span> <span class='ocrx_word' id='word_1_85' title='bbox 861 1546 925 1588; x_wconf 90' lang='lat' dir='ltr'>non</span> <span class='ocrx_word' id='word_1_86' title='bbox 949 1535 997 1588; x_wconf 87' lang='lat' dir='ltr'>est</span> <span class='ocrx_word' id='word_1_87' title='bbox 1022 1525 1072 1586; x_wconf 92' lang='lat' dir='ltr'>Fi-</span> 
     </span>
     <span class='ocr_line' id='line_1_13' title="bbox 122 1629 1072 1715; baseline 0.003 -26"><span class='ocrx_word' id='word_1_88' title='bbox 122 1629 173 1692; x_wconf 90' lang='lat' dir='ltr'>lius</span> <span class='ocrx_word' id='word_1_89' title='bbox 193 1631 253 1695; x_wconf 89' lang='lat' dir='ltr'>Dei</span> <span class='ocrx_word' id='word_1_90' title='bbox 276 1634 462 1715; x_wconf 88' lang='lat' dir='ltr'>adoptivus.</span> <span class='ocrx_word' id='word_1_91' title='bbox 475 1671 518 1679; x_wconf 83' lang='lat'>—</span> <span class='ocrx_word' id='word_1_92' title='bbox 543 1632 611 1695; x_wconf 77' lang='lat' dir='ltr'>Sed</span> <span class='ocrx_word' id='word_1_93' title='bbox 620 1632 688 1695; x_wconf 79' lang='lat' dir='ltr'>lroec</span> <span class='ocrx_word' id='word_1_94' title='bbox 711 1633 795 1694; x_wconf 81' lang='lat' dir='ltr'>ratio</span> <span class='ocrx_word' id='word_1_95' title='bbox 808 1653 873 1694; x_wconf 93' lang='lat' dir='ltr'>non</span> <span class='ocrx_word' id='word_1_96' title='bbox 888 1633 982 1704; x_wconf 92' lang='lat' dir='ltr'>valet,</span> <span class='ocrx_word' id='word_1_97' title='bbox 996 1632 1072 1713; x_wconf 86' lang='lat' dir='ltr'>quia</span> 
     </span>
     <span class='ocr_line' id='line_1_14' title="bbox 121 1737 1071 1822; baseline 0.002 -25"><span class='ocrx_word' id='word_1_98' title='bbox 121 1740 262 1819; x_wconf 83' lang='lat' dir='ltr'>supponit</span> <span class='ocrx_word' id='word_1_99' title='bbox 285 1739 414 1814; x_wconf 89' lang='lat' dir='ltr'>falsum,</span> <span class='ocrx_word' id='word_1_100' title='bbox 439 1748 475 1801; x_wconf 94' lang='lat' dir='ltr'>ut</span> <span class='ocrx_word' id='word_1_101' title='bbox 499 1740 604 1822; x_wconf 87' lang='lat' dir='ltr'>patuit</span> <span class='ocrx_word' id='word_1_102' title='bbox 627 1760 725 1820; x_wconf 88' lang='lat' dir='ltr'>supra</span> <span class='ocrx_word' id='word_1_103' title='bbox 748 1740 824 1802; x_wconf 78' lang='lat' dir='ltr'>dist.</span> <span class='ocrx_word' id='word_1_104' title='bbox 849 1737 881 1802; x_wconf 76' lang='lat'>8.</span> <span class='ocrx_word' id='word_1_105' title='bbox 906 1761 936 1820; x_wconf 87' lang='lat' dir='ltr'>q.</span> <span class='ocrx_word' id='word_1_106' title='bbox 961 1758 991 1801; x_wconf 90' lang='lat'>2.</span> <span class='ocrx_word' id='word_1_107' title='bbox 1013 1737 1071 1799; x_wconf 85' lang='lat' dir='ltr'>ubi</span> 
     </span>
     <span class='ocr_line' id='line_1_15' title="bbox 121 1843 1074 1928; baseline 0.002 -25"><span class='ocrx_word' id='word_1_108' title='bbox 121 1843 231 1907; x_wconf 88' lang='lat' dir='ltr'>dictum</span> <span class='ocrx_word' id='word_1_109' title='bbox 254 1846 417 1927; x_wconf 84' lang='lat' dir='ltr'>estquod</span> <span class='ocrx_word' id='word_1_110' title='bbox 441 1845 552 1908; x_wconf 89' lang='lat' dir='ltr'>filiatio</span> <span class='ocrx_word' id='word_1_111' title='bbox 575 1854 623 1908; x_wconf 86' lang='lat' dir='ltr'>est</span> <span class='ocrx_word' id='word_1_112' title='bbox 646 1845 806 1908; x_wconf 86' lang='lat' dir='ltr'>habitudo</span> <span class='ocrx_word' id='word_1_113' title='bbox 841 1846 990 1928; x_wconf 92' lang='lat' dir='ltr'>producti</span> <span class='ocrx_word' id='word_1_114' title='bbox 1016 1865 1074 1906; x_wconf 91' lang='lat' dir='ltr'>na·</span> 
     </span>
     <span class='ocr_line' id='line_1_16' title="bbox 120 1952 1070 2034; baseline 0.002 -24"><span class='ocrx_word' id='word_1_115' title='bbox 120 1952 251 2015; x_wconf 87' lang='lat' dir='ltr'>turaliter</span> <span class='ocrx_word' id='word_1_116' title='bbox 273 1953 386 2014; x_wconf 89' lang='lat' dir='ltr'>similis</span> <span class='ocrx_word' id='word_1_117' title='bbox 398 1952 590 2034; x_wconf 87' lang='lat' dir='ltr'>producenti</span> <span class='ocrx_word' id='word_1_118' title='bbox 614 1954 645 2014; x_wconf 93' lang='lat' dir='ltr'>in</span> <span class='ocrx_word' id='word_1_119' title='bbox 660 1962 775 2016; x_wconf 90' lang='lat' dir='ltr'>natura</span> <span class='ocrx_word' id='word_1_120' title='bbox 799 1952 1005 2015; x_wconf 84' lang='lat' dir='ltr'>intellectuali</span> <span class='ocrx_word' id='word_1_121' title='bbox 1022 1952 1070 2013; x_wconf 88' lang='lat' dir='ltr'>vel</span> 
     </span>
     <span class='ocr_line' id='line_1_17' title="bbox 120 2057 1072 2142; baseline 0.003 -24"><span class='ocrx_word' id='word_1_122' title='bbox 120 2058 268 2135; x_wconf 84' lang='lat' dir='ltr'>sensitiva,</span> <span class='ocrx_word' id='word_1_123' title='bbox 307 2059 338 2122; x_wconf 95' lang='lat' dir='ltr'>in</span> <span class='ocrx_word' id='word_1_124' title='bbox 361 2080 429 2142; x_wconf 86' lang='lat' dir='ltr'>qua</span> <span class='ocrx_word' id='word_1_125' title='bbox 463 2060 680 2142; x_wconf 85' lang='lat' dir='ltr'>descriptione</span> <span class='ocrx_word' id='word_1_126' title='bbox 715 2057 792 2122; x_wconf 91' lang='lat' dir='ltr'>nihil</span> <span class='ocrx_word' id='word_1_127' title='bbox 829 2059 959 2142; x_wconf 90' lang='lat' dir='ltr'>ponitur</span> <span class='ocrx_word' id='word_1_128' title='bbox 983 2059 1072 2141; x_wconf 92' lang='lat' dir='ltr'>quod</span> 
     </span>
     <span class='ocr_line' id='line_1_18' title="bbox 121 2165 809 2248; baseline 0 -21"><span class='ocrx_word' id='word_1_129' title='bbox 121 2165 216 2243; x_wconf 79' lang='lat' dir='ltr'>ptimo</span> <span class='ocrx_word' id='word_1_130' title='bbox 238 2177 271 2229; x_wconf 87' lang='lat' dir='ltr'>et</span> <span class='ocrx_word' id='word_1_131' title='bbox 295 2186 411 2248; x_wconf 90' lang='lat' dir='ltr'>perse</span> <span class='ocrx_word' id='word_1_132' title='bbox 434 2168 568 2248; x_wconf 89' lang='lat' dir='ltr'>aspiciat</span> <span class='ocrx_word' id='word_1_133' title='bbox 591 2168 809 2248; x_wconf 85' lang='lat' dir='ltr'>suppositum.</span> 
     </span>
    </p>

    <p class='ocr_par' dir='ltr' id='par_1_4' title="bbox 118 2271 1077 3742">
     <span class='ocr_line' id='line_1_19' title="bbox 178 2271 1074 2355; baseline 0 -22"><span class='ocrx_word' id='word_1_134' title='bbox 178 2272 252 2336; x_wconf 91' lang='lat' dir='ltr'>Idco</span> <span class='ocrx_word' id='word_1_135' title='bbox 269 2273 432 2355; x_wconf 80' lang='lat' dir='ltr'>probatur</span> <span class='ocrx_word' id='word_1_136' title='bbox 458 2271 626 2337; x_wconf 82' lang='lat' dir='ltr'>Conclusio</span> <span class='ocrx_word' id='word_1_137' title='bbox 649 2273 741 2335; x_wconf 88' lang='lat' dir='ltr'>aliter</span> <span class='ocrx_word' id='word_1_138' title='bbox 765 2274 826 2335; x_wconf 90' lang='lat' dir='ltr'>sic:</span> <span class='ocrx_word' id='word_1_139' title='bbox 852 2272 1002 2354; x_wconf 86' lang='lat' dir='ltr'>Adoptio</span> <span class='ocrx_word' id='word_1_140' title='bbox 1026 2283 1074 2333; x_wconf 89' lang='lat' dir='ltr'>cst</span> 
     </span>
     <span class='ocr_line' id='line_1_20' title="bbox 121 2378 1072 2462; baseline -0.001 -22"><span class='ocrx_word' id='word_1_141' title='bbox 121 2398 255 2457; x_wconf 75' lang='lat' dir='ltr'>personae</span> <span class='ocrx_word' id='word_1_142' title='bbox 279 2389 446 2442; x_wconf 68' lang='lat' dir='ltr'>extraneae</span> <span class='ocrx_word' id='word_1_143' title='bbox 470 2401 536 2444; x_wconf 91' lang='lat' dir='ltr'>non</span> <span class='ocrx_word' id='word_1_144' title='bbox 571 2380 720 2442; x_wconf 83' lang='lat' dir='ltr'>habentis</span> <span class='ocrx_word' id='word_1_145' title='bbox 752 2379 805 2462; x_wconf 84' lang='lat' dir='ltr'>jus</span> <span class='ocrx_word' id='word_1_146' title='bbox 840 2380 872 2441; x_wconf 94' lang='lat' dir='ltr'>in</span> <span class='ocrx_word' id='word_1_147' title='bbox 904 2378 1072 2441; x_wconf 70' lang='lat' dir='ltr'>haeredita-</span> 
     </span>
     <span class='ocr_line' id='line_1_21' title="bbox 121 2486 1075 2568; baseline 0.001 -24"><span class='ocrx_word' id='word_1_148' title='bbox 121 2494 188 2559; x_wconf 83' lang='lat' dir='ltr'>tem,</span> <span class='ocrx_word' id='word_1_149' title='bbox 211 2488 300 2549; x_wconf 92' lang='lat' dir='ltr'>unde</span> <span class='ocrx_word' id='word_1_150' title='bbox 334 2486 418 2549; x_wconf 86' lang='lat' dir='ltr'>filius</span> <span class='ocrx_word' id='word_1_151' title='bbox 440 2486 596 2549; x_wconf 89' lang='lat' dir='ltr'>naturalis</span> <span class='ocrx_word' id='word_1_152' title='bbox 626 2508 692 2549; x_wconf 93' lang='lat' dir='ltr'>non</span> <span class='ocrx_word' id='word_1_153' title='bbox 716 2486 835 2548; x_wconf 91' lang='lat' dir='ltr'>dicitur</span> <span class='ocrx_word' id='word_1_154' title='bbox 859 2506 997 2568; x_wconf 87' lang='lat' dir='ltr'>persona</span> <span class='ocrx_word' id='word_1_155' title='bbox 1020 2506 1075 2547; x_wconf 86' lang='lat' dir='ltr'>ex-</span> 
     </span>
     <span class='ocr_line' id='line_1_22' title="bbox 120 2592 1074 2676; baseline 0.004 -27"><span class='ocrx_word' id='word_1_156' title='bbox 120 2600 220 2655; x_wconf 89' lang='lat' dir='ltr'>tranea</span> <span class='ocrx_word' id='word_1_157' title='bbox 242 2594 322 2676; x_wconf 89' lang='lat' dir='ltr'>quia</span> <span class='ocrx_word' id='word_1_158' title='bbox 345 2594 444 2656; x_wconf 87' lang='lat' dir='ltr'>habet</span> <span class='ocrx_word' id='word_1_159' title='bbox 464 2593 518 2674; x_wconf 91' lang='lat' dir='ltr'>jus</span> <span class='ocrx_word' id='word_1_160' title='bbox 549 2595 582 2655; x_wconf 93' lang='lat' dir='ltr'>in</span> <span class='ocrx_word' id='word_1_161' title='bbox 606 2592 813 2667; x_wconf 82' lang='lat' dir='ltr'>haereditate;</span> <span class='ocrx_word' id='word_1_162' title='bbox 846 2594 902 2655; x_wconf 88' lang='lat' dir='ltr'>sed</span> <span class='ocrx_word' id='word_1_163' title='bbox 927 2592 1074 2656; x_wconf 85' lang='lat' dir='ltr'>Christus</span> 
     </span>
     <span class='ocr_line' id='line_1_23' title="bbox 121 2698 1076 2783; baseline 0.002 -26"><span class='ocrx_word' id='word_1_164' title='bbox 121 2710 245 2763; x_wconf 91' lang='lat' dir='ltr'>nonest</span> <span class='ocrx_word' id='word_1_165' title='bbox 269 2721 410 2783; x_wconf 89' lang='lat' dir='ltr'>persona</span> <span class='ocrx_word' id='word_1_166' title='bbox 441 2711 597 2763; x_wconf 86' lang='lat' dir='ltr'>extranea</span> <span class='ocrx_word' id='word_1_167' title='bbox 619 2700 676 2762; x_wconf 87' lang='lat' dir='ltr'>sed</span> <span class='ocrx_word' id='word_1_168' title='bbox 700 2698 799 2761; x_wconf 88' lang='lat' dir='ltr'>habet</span> <span class='ocrx_word' id='word_1_169' title='bbox 834 2700 887 2779; x_wconf 88' lang='lat' dir='ltr'>jus</span> <span class='ocrx_word' id='word_1_170' title='bbox 918 2699 951 2760; x_wconf 91' lang='lat' dir='ltr'>in</span> <span class='ocrx_word' id='word_1_171' title='bbox 976 2698 1076 2759; x_wconf 77' lang='lat' dir='ltr'>haere-</span> 
     </span>
     <span class='ocr_line' id='line_1_24' title="bbox 120 2790 1075 2888; baseline 0.003 -26"><span class='ocrx_word' id='word_1_172' title='bbox 120 2790 227 2882; x_wconf 56' lang='lat' dir='ltr'>ditate}</span> <span class='ocrx_word' id='word_1_173' title='bbox 251 2828 333 2888; x_wconf 88' lang='lat' dir='ltr'>ergo</span> <span class='ocrx_word' id='word_1_174' title='bbox 357 2828 422 2869; x_wconf 91' lang='lat' dir='ltr'>non</span> <span class='ocrx_word' id='word_1_175' title='bbox 446 2817 495 2869; x_wconf 87' lang='lat' dir='ltr'>est</span> <span class='ocrx_word' id='word_1_176' title='bbox 518 2806 602 2868; x_wconf 85' lang='lat' dir='ltr'>filius</span> <span class='ocrx_word' id='word_1_177' title='bbox 617 2805 800 2887; x_wconf 80' lang='lat' dir='ltr'>adoptivus,</span> <span class='ocrx_word' id='word_1_178' title='bbox 822 2808 939 2868; x_wconf 83' lang='lat' dir='ltr'>Minor</span> <span class='ocrx_word' id='word_1_179' title='bbox 961 2805 1075 2885; x_wconf 90' lang='lat' dir='ltr'>proba-</span> 
     </span>
     <span class='ocr_line' id='line_1_25' title="bbox 120 2910 1075 2996; baseline 0 -25"><span class='ocrx_word' id='word_1_180' title='bbox 120 2919 166 2971; x_wconf 89' lang='lat' dir='ltr'>tur</span> <span class='ocrx_word' id='word_1_181' title='bbox 186 2914 368 2996; x_wconf 83' lang='lat' dir='ltr'>dupliciter.</span> <span class='ocrx_word' id='word_1_182' title='bbox 381 2913 490 2976; x_wconf 92' lang='lat' dir='ltr'>Primo</span> <span class='ocrx_word' id='word_1_183' title='bbox 506 2914 568 2976; x_wconf 90' lang='lat' dir='ltr'>sic:</span> <span class='ocrx_word' id='word_1_184' title='bbox 592 2912 666 2975; x_wconf 91' lang='lat' dir='ltr'>ideo</span> <span class='ocrx_word' id='word_1_185' title='bbox 683 2912 797 2994; x_wconf 85' lang='lat' dir='ltr'>aliquis</span> <span class='ocrx_word' id='word_1_186' title='bbox 822 2932 886 2975; x_wconf 92' lang='lat' dir='ltr'>non</span> <span class='ocrx_word' id='word_1_187' title='bbox 911 2912 1009 2973; x_wconf 88' lang='lat' dir='ltr'>habet</span> <span class='ocrx_word' id='word_1_188' title='bbox 1022 2910 1075 2991; x_wconf 84' lang='lat' dir='ltr'>jus</span> 
     </span>
     <span class='ocr_line' id='line_1_26' title="bbox 120 3015 1075 3101; baseline 0.003 -25"><span class='ocrx_word' id='word_1_189' title='bbox 120 3015 148 3078; x_wconf 89' lang='lat' dir='ltr'>in</span> <span class='ocrx_word' id='word_1_190' title='bbox 159 3018 350 3082; x_wconf 81' lang='lat' dir='ltr'>haereditate</span> <span class='ocrx_word' id='word_1_191' title='bbox 373 3020 448 3101; x_wconf 89' lang='lat' dir='ltr'>quia</span> <span class='ocrx_word' id='word_1_192' title='bbox 461 3018 522 3082; x_wconf 86' lang='lat' dir='ltr'>suit</span> <span class='ocrx_word' id='word_1_193' title='bbox 545 3018 628 3081; x_wconf 85' lang='lat' dir='ltr'>filius</span> <span class='ocrx_word' id='word_1_194' title='bbox 641 3019 715 3095; x_wconf 82' lang='lat' dir='ltr'>irae;</span> <span class='ocrx_word' id='word_1_195' title='bbox 740 3019 796 3081; x_wconf 89' lang='lat' dir='ltr'>sed</span> <span class='ocrx_word' id='word_1_196' title='bbox 821 3018 968 3082; x_wconf 84' lang='lat' dir='ltr'>Christus</span> <span class='ocrx_word' id='word_1_197' title='bbox 984 3038 1075 3080; x_wconf 92' lang='lat' dir='ltr'>num-</span> 
     </span>
     <span class='ocr_line' id='line_1_27' title="bbox 118 3123 1075 3209; baseline -0.001 -24"><span class='ocrx_word' id='word_1_198' title='bbox 118 3144 209 3203; x_wconf 89' lang='lat' dir='ltr'>quam</span> <span class='ocrx_word' id='word_1_199' title='bbox 234 3126 296 3189; x_wconf 87' lang='lat' dir='ltr'>fuit</span> <span class='ocrx_word' id='word_1_200' title='bbox 318 3125 404 3188; x_wconf 87' lang='lat' dir='ltr'>filius</span> <span class='ocrx_word' id='word_1_201' title='bbox 427 3127 500 3203; x_wconf 80' lang='lat' dir='ltr'>irae;</span> <span class='ocrx_word' id='word_1_202' title='bbox 524 3147 613 3209; x_wconf 78' lang='lat' dir='ltr'>ergo</span> <span class='ocrx_word' id='word_1_203' title='bbox 639 3125 704 3190; x_wconf 86' lang='lat' dir='ltr'>Sed</span> <span class='ocrx_word' id='word_1_204' title='bbox 729 3124 801 3187; x_wconf 85' lang='lat' dir='ltr'>haec</span> <span class='ocrx_word' id='word_1_205' title='bbox 824 3126 973 3206; x_wconf 89' lang='lat' dir='ltr'>probatio</span> <span class='ocrx_word' id='word_1_206' title='bbox 995 3123 1075 3185; x_wconf 87' lang='lat' dir='ltr'>forte</span> 
     </span>
     <span class='ocr_line' id='line_1_28' title="bbox 120 3231 1076 3315; baseline 0 -23"><span class='ocrx_word' id='word_1_207' title='bbox 120 3249 178 3294; x_wconf 92' lang='lat' dir='ltr'>non</span> <span class='ocrx_word' id='word_1_208' title='bbox 200 3234 297 3307; x_wconf 82' lang='lat' dir='ltr'>valet,</span> <span class='ocrx_word' id='word_1_209' title='bbox 321 3232 398 3315; x_wconf 88' lang='lat' dir='ltr'>quia</span> <span class='ocrx_word' id='word_1_210' title='bbox 422 3234 517 3295; x_wconf 89' lang='lat' dir='ltr'>beata</span> <span class='ocrx_word' id='word_1_211' title='bbox 528 3234 634 3315; x_wconf 87' lang='lat' dir='ltr'>Virgo</span> <span class='ocrx_word' id='word_1_212' title='bbox 650 3234 831 3296; x_wconf 90' lang='lat' dir='ltr'>secundum</span> <span class='ocrx_word' id='word_1_213' title='bbox 856 3233 926 3295; x_wconf 92' lang='lat' dir='ltr'>illos</span> <span class='ocrx_word' id='word_1_214' title='bbox 949 3231 1003 3312; x_wconf 89' lang='lat' dir='ltr'>qui</span> <span class='ocrx_word' id='word_1_215' title='bbox 1018 3252 1076 3312; x_wconf 93' lang='lat' dir='ltr'>po-</span> 
     </span>
     <span class='ocr_line' id='line_1_29' title="bbox 120 3339 1076 3421; baseline 0 -24"><span class='ocrx_word' id='word_1_216' title='bbox 120 3349 193 3401; x_wconf 94' lang='lat' dir='ltr'>nunt</span> <span class='ocrx_word' id='word_1_217' title='bbox 217 3361 283 3403; x_wconf 94' lang='lat' dir='ltr'>non</span> <span class='ocrx_word' id='word_1_218' title='bbox 297 3350 490 3421; x_wconf 88' lang='lat' dir='ltr'>conceptam</span> <span class='ocrx_word' id='word_1_219' title='bbox 504 3339 600 3402; x_wconf 84' lang='lat' dir='ltr'>fuisse</span> <span class='ocrx_word' id='word_1_220' title='bbox 612 3340 644 3401; x_wconf 91' lang='lat' dir='ltr'>in</span> <span class='ocrx_word' id='word_1_221' title='bbox 662 3339 808 3421; x_wconf 83' lang='lat' dir='ltr'>originali</span> <span class='ocrx_word' id='word_1_222' title='bbox 822 3347 966 3420; x_wconf 86' lang='lat' dir='ltr'>pcccat0,</span> <span class='ocrx_word' id='word_1_223' title='bbox 985 3358 1076 3399; x_wconf 90' lang='lat' dir='ltr'>num-</span> 
     </span>
     <span class='ocr_line' id='line_1_30' title="bbox 120 3445 1077 3525; baseline -0.001 -19"><span class='ocrx_word' id='word_1_224' title='bbox 120 3464 211 3525; x_wconf 91' lang='lat' dir='ltr'>quam</span> <span class='ocrx_word' id='word_1_225' title='bbox 235 3446 296 3510; x_wconf 89' lang='lat' dir='ltr'>fuit</span> <span class='ocrx_word' id='word_1_226' title='bbox 319 3446 385 3509; x_wconf 84' lang='lat' dir='ltr'>filia</span> <span class='ocrx_word' id='word_1_227' title='bbox 408 3447 464 3509; x_wconf 84' lang='lat' dir='ltr'>irae</span> <span class='ocrx_word' id='word_1_228' title='bbox 486 3456 520 3509; x_wconf 89' lang='lat' dir='ltr'>et</span> <span class='ocrx_word' id='word_1_229' title='bbox 543 3457 654 3509; x_wconf 88' lang='lat' dir='ltr'>tamen</span> <span class='ocrx_word' id='word_1_230' title='bbox 679 3446 866 3508; x_wconf 86' lang='lat' dir='ltr'>conceditur</span> <span class='ocrx_word' id='word_1_231' title='bbox 891 3445 954 3507; x_wconf 85' lang='lat' dir='ltr'>filia</span> <span class='ocrx_word' id='word_1_232' title='bbox 978 3445 1077 3525; x_wconf 87' lang='lat' dir='ltr'>adop-</span> 
     </span>
     <span class='ocr_line' id='line_1_31' title="bbox 119 3550 1076 3636; baseline -0.002 -24"><span class='ocrx_word' id='word_1_233' title='bbox 119 3551 188 3617; x_wconf 79' lang='lat' dir='ltr'>tiva.</span> <span class='ocrx_word' id='word_1_234' title='bbox 227 3554 308 3617; x_wconf 88' lang='lat' dir='ltr'>Ideo</span> <span class='ocrx_word' id='word_1_235' title='bbox 342 3554 500 3636; x_wconf 91' lang='lat' dir='ltr'>probatur</span> <span class='ocrx_word' id='word_1_236' title='bbox 534 3554 678 3615; x_wconf 87' lang='lat' dir='ltr'>secundo</span> <span class='ocrx_word' id='word_1_237' title='bbox 703 3553 754 3615; x_wconf 89' lang='lat' dir='ltr'>illa</span> <span class='ocrx_word' id='word_1_238' title='bbox 790 3552 899 3614; x_wconf 80' lang='lat' dir='ltr'>minor</span> <span class='ocrx_word' id='word_1_239' title='bbox 927 3552 988 3613; x_wconf 90' lang='lat' dir='ltr'>sie:</span> <span class='ocrx_word' id='word_1_240' title='bbox 1021 3550 1076 3630; x_wconf 92' lang='lat' dir='ltr'>qui</span> 
     </span>
     <span class='ocr_line' id='line_1_32' title="bbox 120 3655 1077 3742; baseline -0.002 -24"><span class='ocrx_word' id='word_1_241' title='bbox 120 3655 212 3722; x_wconf 90' lang='lat' dir='ltr'>habet</span> <span class='ocrx_word' id='word_1_242' title='bbox 232 3660 286 3742; x_wconf 88' lang='lat' dir='ltr'>jus</span> <span class='ocrx_word' id='word_1_243' title='bbox 309 3659 342 3722; x_wconf 91' lang='lat' dir='ltr'>in</span> <span class='ocrx_word' id='word_1_244' title='bbox 365 3659 555 3723; x_wconf 71' lang='lat' dir='ltr'>haereditate</span> <span class='ocrx_word' id='word_1_245' title='bbox 578 3680 643 3722; x_wconf 94' lang='lat' dir='ltr'>non</span> <span class='ocrx_word' id='word_1_246' title='bbox 668 3656 811 3721; x_wconf 85' lang='lat' dir='ltr'>estfilius</span> <span class='ocrx_word' id='word_1_247' title='bbox 835 3656 1008 3739; x_wconf 90' lang='lat' dir='ltr'>adoptivus</span> <span class='ocrx_word' id='word_1_248' title='bbox 1021 3656 1077 3717; x_wconf 89' lang='lat' dir='ltr'>sed</span> 
     </span>
    </p>
   </div>
   <div class='ocr_carea' id='block_1_3' title="bbox 0 0 1304 4200">
    <p class='ocr_par' dir='ltr' id='par_1_5' title="bbox 0 0 1304 4200">
     <span class='ocr_line' id='line_1_33' title="bbox 0 0 1304 4200; baseline 0 0"><span class='ocrx_word' id='word_1_249' title='bbox 0 0 1304 4200; x_wconf 95' lang='lat' dir='ltr'> </span> 
     </span>
    </p>
   </div>
  </div>
 </body>
</html>
