2600 4200
343 229 528 294 Disrurcr.
552 231 567 293 1
591 229 742 312 Quasr.
767 232 781 294 1
1007 245 1026 308 3

116 433 294 514 suppositum
317 447 462 499 creatum
486 445 593 519 potest
620 458 732 519 gerere
754 437 858 499 vicem
886 437 1044 518 suppositi

116 524 194 600 creati
214 542 259 602 vel
283 541 434 624 humani3
458 545 514 606 sed
538 544 745 626 suppositum
769 543 917 606 divinum
949 542 1050 604 conti-

116 653 158 704 net
184 647 352 713 virtualiter
386 652 591 732 suppositum
626 659 790 726 creatum;
822 671 902 732 ergo
937 658 1046 732 potest

115 769 203 830 gerere
222 755 324 818 vicem
349 758 506 839 suppositi
530 757 627 820 creati
650 758 701 819 vel
719 757 863 822 humani.
889 757 954 820 Sed
971 778 1049 838 sup-

114 859 231 936 positum
265 863 448 926 humanum
483 873 641 926 sustentat
672 874 823 926 naturam
854 864 1046 927 humanam.

113 960 185 1047 Ergo
204 967 264 1032 hoc
286 979 396 1051 potest
408 973 613 1054 suppositum
637 971 796 1033 divinum.
810 969 874 1034 Sed
899 970 959 1032 ista
974 991 1048 1051 sup

112 1073 238 1149 positatio
252 1087 300 1138 est
317 1078 504 1140 incarnatio.
519 1078 610 1159 Ergo
623 1078 801 1140 incarnatio
813 1087 860 1139 est
877 1077 1045 1158 possibilis.

166 1179 275 1245 Contra
288 1185 386 1246 illam
402 1185 493 1246 en'am
506 1185 652 1267 arguitur
664 1184 844 1266 dupliciter.
861 1185 976 1246 Primo
987 1184 1047 1245 sic:

111 1281 175 1346 lllud
194 1291 279 1369 quod
303 1301 354 1352 est
377 1293 458 1353 ratio
482 1291 669 1354 continendi
693 1292 812 1352 multas
835 1290 1048 1372 perfectiones

109 1391 170 1454 dicit
189 1396 415 1476 perfectionem
447 1399 651 1481 simpliciter;
675 1400 733 1462 sed
768 1399 973 1480 suppositum
997 1398 1047 1459 di-

110 1496 199 1562 vinum
221 1523 285 1565 non
309 1505 391 1566 dicit
402 1504 633 1586 perfectionem
658 1505 861 1587 simpliciter3
885 1526 965 1585 ergo
979 1525 1044 1566 non

107 1614 144 1665 est
161 1611 234 1670 ratio
256 1611 446 1674 continendi
458 1612 534 1674 istas
558 1612 770 1694 perfectiones
782 1613 831 1673 vel
858 1613 959 1672 multa
973 1632 1048 1692 sup·

107 1713 190 1789 posita
210 1717 371 1780 distincta.
396 1719 513 1781 Minor
528 1720 694 1800 probatur,
719 1727 790 1780 tum
807 1719 883 1799 quia
907 1717 1045 1799 opinans

105 1825 229 1884 concedit
250 1846 339 1898 eam,
363 1835 435 1888 tum
459 1825 535 1907 quia
558 1826 583 1888 si
599 1825 806 1907 suppositum
832 1825 903 1886 Filii
927 1825 1048 1886 diceret

106 1926 311 2002 perfectionem
330 1933 527 2013 simpliciter,
541 1943 728 2014 sequeretur
750 1933 840 2014 quod
852 1932 959 2013 aliqua
976 1953 1049 2012 per-

107 2028 181 2096 fectio
200 2049 281 2103 esset
305 2041 342 2102 iin
366 2059 431 2103 una
455 2060 601 2121 persona,
626 2061 702 2121 quae
726 2060 792 2102 non
815 2049 899 2100 esset
915 2039 946 2100 in
971 2039 1043 2100 alia.

105 2174 139 2186 -
157 2143 293 2209 Securzdo
316 2147 377 2209 sic:
403 2147 501 2209 Ratio
517 2148 753 2229 personalitatis
777 2148 820 2208 ita
835 2157 885 2208 est
908 2166 1042 2228 propor-

104 2244 205 2313 tionata
226 2264 355 2316 naturae
380 2254 461 2315 sicut
485 2263 600 2317 natura
623 2264 672 2316 est
704 2254 949 2335 proportionata
973 2274 1045 2334 per-

103 2372 190 2434 sonae;
225 2363 372 2423 sednon
396 2361 547 2424 obstante
569 2362 660 2442 quod
683 2361 820 2423 essentia
843 2361 1043 2421 divinacon-
1090 2352 1094 2360 ’

101 2458 183 2525 tineat
192 2488 327 2530 omnem
341 2478 521 2530 creaturam
535 2468 723 2541 eminenter,
737 2488 802 2529 non
816 2476 925 2529 tamen
936 2476 1043 2546 potest

100 2585 154 2629 csse
175 2576 312 2636 essentia
348 2573 524 2636 formaliter
558 2573 695 2654 alicujus
729 2594 877 2655 personae
905 2583 1040 2647 creatae3

100 2692 163 2755 ergo
183 2680 329 2744 similiter
351 2682 429 2743 dato
452 2682 543 2764 quod
567 2681 772 2763 suppositum
797 2681 943 2742 divinum
968 2700 1043 2741 con-

100 2780 180 2845 tineat
201 2787 410 2869 suppositum
436 2798 591 2860 creatum,
615 2788 723 2849 adhuc
748 2808 813 2850 non
837 2787 956 2868 poterit
968 2807 1044 2867 sup-

100 2888 169 2963 plere
190 2894 294 2958 vicem
321 2895 558 2976 personalitatis
581 2905 707 2957 creatae.

151 2994 323 3068 Secztnda
345 2999 410 3068 via
434 3003 601 3064 declarans
624 3001 869 3083 possibilitatem
902 3002 1045 3061 incarna-

98 3099 176 3167 tionis
196 3117 244 3169 est
267 3110 339 3170 ista.
364 3108 456 3171 Prius
467 3117 575 3189 potest
598 3129 666 3170 esse
678 3109 745 3169 sine
769 3128 828 3169 suo
853 3107 1039 3188 posteriori;

99 3210 142 3270 sed
173 3214 377 3297 singularitas
402 3224 526 3277 naturae
550 3224 598 3277 est
621 3216 708 3297 prior
743 3215 970 3296 personalitate
993 3214 1043 3274 vel

97 3322 264 3399 Supposit03
290 3342 372 3404 ergo
396 3331 503 3403 potest
525 3322 664 3404 separari
688 3322 730 3384 ab
754 3343 803 3395 eu,
828 3332 860 3384 et
884 3343 940 3402 per
968 3341 1043 3382 con-

97 3441 217 3505 sequens
238 3430 281 3493 ab
305 3429 370 3492 alio
407 3430 574 3511 supposito
597 3429 778 3503 sustentari,
802 3430 903 3491 etsie
927 3428 987 3490 fuit
1010 3430 1042 3492 in

97 3527 307 3611 incarnatione,
345 3534 425 3618 quia
459 3546 572 3599 natura
595 3545 764 3618 assumpta
798 3535 858 3598 fuit
893 3536 1043 3599 absoluta
