2600 4200
251 384 392 444 Secunda
422 385 582 443 Conclusio
605 394 658 444 est
683 383 776 462 quod
800 381 957 444 Christus
993 384 1026 442 in
1059 381 1126 442 Eu·

160 489 324 552 charistia
356 497 471 570 potest
506 491 555 551 uti
591 508 794 570 quacunque
829 489 982 568 potentia
1013 490 1126 549 activa

160 595 341 676 spirituali.
367 595 444 657 Hoc
468 596 632 677 probatur
666 615 727 675 per
761 595 910 656 medium
945 593 1028 655 tale:
1061 592 1125 656 Illa

159 704 314 782 potentia
338 709 453 782 potest
476 701 634 764 Christus
659 704 708 763 uti
733 703 768 761 in
793 700 1021 770 Eucharistia,
1046 719 1124 780 quae

160 829 229 870 non
254 811 397 889 requirit
421 809 463 870 ad
488 827 584 870 suam
609 810 777 870 actionem
802 809 894 887 quod
910 808 1034 869 habeat
1049 827 1125 869 esse

160 915 328 988 localiter;
354 917 414 976 sed
446 916 609 996 potentiae
645 917 768 976 activae
804 934 894 974 mere
929 914 1125 994 spirituales

159 1032 241 1084 sunt
264 1022 470 1102 hujusmodi.
496 1023 626 1083 scilicet
662 1022 856 1083 intellectus
887 1031 922 1082 et
954 1020 1123 1091 voluntas,

159 1130 241 1209 quia
265 1129 468 1190 abstrahunt
492 1148 511 1189 a
535 1129 619 1189 loc0.

250 1341 313 1404 De
352 1341 475 1404 terito
514 1339 720 1416 micaelo,
756 1339 1002 1402 Conclusiones
1038 1359 1125 1420 prae

159 1447 271 1509 dictas
295 1449 328 1508 in
354 1447 493 1529 speciali
518 1447 725 1508 declarando
748 1448 824 1507 dico
848 1447 940 1527 quod
966 1445 1125 1508 Christus

160 1555 195 1615 in
220 1553 439 1616 Eucharistia
464 1564 580 1634 potest
614 1537 739 1616 habere
775 1554 923 1633 aliquam
955 1555 1122 1614 actionem

160 1679 254 1721 mere
279 1661 491 1740 spiritualem
516 1670 585 1722 tam
610 1679 656 1720 ex
672 1669 770 1740 parte
785 1661 943 1740 principii
960 1677 1061 1739 quam
1079 1679 1124 1720 ex

159 1777 257 1847 parte
282 1768 432 1839 termini;
457 1777 491 1828 et
515 1775 629 1847 potest
653 1767 778 1827 habere
803 1766 956 1846 aliquam
969 1767 1125 1846 spiritua·

161 1873 228 1935 lem
253 1893 298 1934 ex
322 1883 419 1953 parte
442 1875 603 1953 principii
628 1873 765 1954 agendi,
782 1872 993 1953 corporalem
1009 1883 1123 1933 tamen

159 1999 204 2041 ex
228 1989 325 2060 parte
348 1981 496 2041 termini.
523 1979 682 2040 Probatur
697 1982 843 2056 primum
868 1982 1016 2039 istorum:
1043 1981 1125 2058 quia

159 2089 189 2149 si
214 2095 305 2148 esset
329 2085 454 2167 aliquis
479 2085 642 2169 Angelus
666 2106 822 2167 praesens
845 2085 983 2149 Christo
1000 2086 1034 2147 in
1058 2083 1125 2147 Eu·

159 2193 333 2263 charistia,
358 2204 476 2274 posset
510 2196 623 2255 anima
655 2193 781 2256 Christi
817 2194 914 2255 illum
945 2193 1123 2274 Angelum

160 2301 355 2363 illuminare
379 2309 413 2361 et
437 2300 486 2361 illi
512 2300 605 2380 loqui
631 2301 804 2362 locutione
828 2300 1050 2361 intellectuali
1082 2319 1123 2361 eo

159 2408 261 2469 modo
286 2426 354 2487 quo
379 2406 541 2489 Angelus
565 2409 720 2468 existens
744 2408 801 2467 ubi
814 2406 972 2470 Christus
987 2415 1050 2476 est,
1066 2426 1124 2486 po-

159 2522 228 2574 test
252 2513 355 2574 alium
381 2512 560 2595 Angelum
586 2513 780 2574 illuminare
804 2513 860 2573 vel
884 2513 981 2574 alteri
1013 2514 1121 2592 loqui;

159 2638 238 2681 nam
263 2621 330 2681 ista
353 2619 560 2681 illuminatio
584 2629 619 2680 et
641 2620 770 2681 locutio
795 2639 862 2680 non
888 2621 1030 2699 requirit
1057 2622 1121 2682 nisi

158 2728 366 2811 principium
391 2727 540 2788 activum
566 2724 739 2788 sufficiens
764 2727 955 2788 illuminare
968 2737 1001 2787 et
1018 2726 1122 2807 loqui,

158 2842 194 2893 et
217 2833 407 2913 subjectum
432 2852 542 2913 capax
566 2852 610 2895 ex
635 2843 731 2913 parte
766 2835 972 2913 recipientis,
1004 2843 1038 2894 et
1069 2853 1124 2913 ap·

158 2940 447 3020 proximationem
473 2938 697 3005 sufficientem
712 2941 937 3002 illuminantis
954 2942 996 3001 ad
1014 2940 1124 3001 illimi-

158 3056 276 3107 natum
317 3047 504 3107 secundum
520 3052 522 3059 '
541 3047 595 3105 ubi
627 3045 851 3107 definitivum.
889 3046 975 3107 Haec
1010 3056 1122 3107 autem

159 3154 275 3214 omnia
299 3154 333 3213 in
358 3155 535 3234 proposito
560 3163 655 3225 sunt;
684 3172 768 3235 ergo
792 3164 854 3213 etc.

249 3260 435 3327 Secundum,
465 3260 596 3321 scilicet
619 3260 712 3339 quod
736 3259 894 3321 Christus
917 3262 1071 3321 existens
1088 3263 1122 3321 in

158 3364 377 3428 Eucharistia
399 3376 514 3446 potest
549 3366 674 3427 habere
709 3369 876 3427 actionem
910 3367 1122 3446 spiritualem

158 3490 203 3532 ex
227 3483 323 3551 parte
348 3474 517 3553 principii,
542 3484 576 3534 et
600 3483 714 3534 tamen
739 3473 948 3553 corporalem
965 3493 1009 3533 ex
1026 3484 1123 3553 parte

158 3580 305 3648 termini,
330 3579 521 3642 declaratur
545 3581 608 3641 sic:
635 3577 725 3658 Quia
748 3579 911 3661 Angelus
937 3579 1039 3640 habet
1066 3600 1123 3659 po-
