2600 4200
307 365 478 427 Praeterea
491 364 569 445 plus
581 375 716 427 tenetur
739 367 1056 427 excommunicatus
1072 367 1182 427 vitare

213 471 322 533 alium
346 491 448 552 quam
466 471 553 533 alius
570 474 680 534 vitare
702 490 792 543 eum,
816 473 897 551 quia
912 482 1123 552 praeceptum
1139 471 1183 534 de

216 579 358 640 vitando
382 597 449 640 non
475 579 662 659 imponitur
678 578 778 639 alicui
796 579 861 639 nisi
877 587 1018 658 propter
1033 597 1081 649 se,
1097 598 1184 659 prae-

213 686 309 747 cisus
333 694 446 746 autem
471 686 504 747 in
529 703 611 746 casu
636 686 703 746 isto
720 703 788 746 non
800 693 936 746 tenetur
950 686 1060 746 vitare
1077 686 1182 747 alium

214 792 322 854 immo
346 801 482 876 tenetur
505 809 572 853 non
597 793 717 853 vitare.
743 789 834 871 Quia
856 793 887 853 si
910 791 990 854 talis
1017 794 1183 872 praecisus

214 899 320 959 sciret
343 897 524 977 parvulum
549 898 699 978 aliquem
723 915 791 958 non
821 898 1030 978 baptizatum
1065 901 1181 961 statim

212 1005 303 1067 mori
328 1003 451 1066 debere
474 1013 609 1066 tenetur
632 1023 710 1066 eum
734 1004 907 1085 baptizare
923 1006 1116 1068 necessario
1139 1025 1183 1067 ne

215 1116 407 1172 moreretur
430 1112 465 1172 in
489 1113 615 1182 anima;
641 1129 727 1192 ergo
750 1112 779 1172 si
796 1113 960 1191 praecisus
976 1113 1011 1172 in
1022 1112 1083 1174 tali
1100 1130 1181 1173 casu

217 1235 287 1279 non
311 1225 446 1278 tenetur
469 1217 578 1278 vitare
602 1217 717 1286 alium,
743 1235 805 1278 nec
839 1237 858 1279 e
891 1235 1059 1279 converso
1093 1219 1186 1286 alius

216 1332 353 1385 tenetur
376 1325 486 1385 vitare
509 1325 632 1404 ipsum.
1137 1387 1140 1391 ,

307 1427 443 1491 Dicitur
466 1431 573 1511 igitur
595 1430 689 1510 quod
710 1431 816 1490 adulto
831 1429 910 1492 licet
921 1432 1072 1511 recipere
1094 1430 1183 1511 Bap-

214 1537 357 1598 tismum
396 1555 417 1598 a
449 1537 595 1617 praeciso
619 1538 647 1598 si
672 1535 761 1598 alius
784 1537 940 1598 minister
967 1536 1084 1599 haberi
1113 1557 1181 1600 non

216 1652 341 1722 potest,
366 1652 400 1704 et
423 1642 488 1704 hoc
512 1641 649 1723 quidem
678 1644 815 1705 videtur
848 1643 964 1705 haberi
994 1643 1036 1705 ab
1059 1644 1183 1726 Augu·
1262 1641 1269 1651 '

214 1752 310 1811 stino
344 1751 395 1810 De
430 1751 520 1828 Bapt.
556 1756 663 1810 contra
699 1752 883 1811 szatz'sms
917 1750 968 1810 lib.
1005 1755 1034 1812 ό.
1062 1751 1182 1813 Potest

213 1858 320 1917 etiam
345 1853 432 1918 forte
456 1875 523 1918 non
547 1857 708 1936 recipere,
725 1858 807 1938 quia
822 1855 1022 1937 Baptismus
1033 1855 1182 1920 flaminis

214 1959 388 2024 sufficeret
411 1962 475 2024 sibi
500 1971 640 2043 propter
656 1965 882 2025 reverentiam
894 1961 1062 2025 Ecclesiae
1078 1964 1180 2026 talem

217 2070 328 2131 vitare
351 2069 593 2150 praecipientis.
619 2069 778 2133 Pensatis
794 2079 908 2133 tamen
920 2070 1090 2141 omnibus,
1115 2089 1182 2133 me·

215 2175 286 2238 lius
308 2176 433 2238 dicitur
455 2176 547 2257 quod
571 2196 592 2238 a
614 2178 675 2239 tali
703 2177 847 2258 recipiat
882 2194 984 2257 quam
1019 2176 1113 2259 quod
1136 2196 1182 2241 ex

216 2282 282 2344 'hae
306 2284 379 2344 vita
411 2285 485 2345 sine
518 2284 692 2363 baptismo
725 2284 923 2345 diseederet.
955 2285 1117 2358 sznmm
1140 2286 1185 2344 ad

203 2390 395 2467 parvulum,
424 2391 453 2451 si
478 2389 593 2451 nullus
625 2400 739 2471 potest
772 2390 889 2452 haberi
924 2392 1080 2453 minister
1114 2392 1181 2453 nisi

205 2498 394 2577 praecisus,
419 2507 454 2558 et
477 2498 654 2559 immineat
676 2497 866 2577 periculum
891 2498 1022 2567 mortis,
1046 2506 1183 2561 tenetur

218 2605 412 2665 necessario
436 2604 493 2665 ille
517 2600 638 2665 offerre
661 2605 842 2685 parvulum
878 2622 978 2667 suum
1013 2607 1179 2686 praeciso;

218 2711 322 2771 nimis
345 2711 435 2773 enirn
456 2712 578 2773 durum
595 2720 687 2773 esset
703 2712 794 2791 quod
810 2720 983 2773 teneretur
998 2712 1180 2793 parvulum

217 2836 319 2877 suum
343 2826 516 2898 perpetuae
539 2817 738 2879 dannationi
762 2837 935 2898 exponere
962 2836 1039 2880 cum
1063 2828 1181 2899 posset

217 2923 344 2985 habere
367 2923 514 3004 aliquem
540 2926 598 3005 qui
622 2924 804 3007 parvulum
829 2944 928 2987 suum
952 2926 1149 3005 baptizaret,

310 3030 472 3104 Quantum
495 3030 539 3090 ad
557 3032 725 3091 secundum
757 3032 927 3091 membrum
962 3032 1176 3099 distinctiones,

218 3137 349 3198 scilicet
372 3136 414 3197 de
437 3137 528 3198 malo
552 3156 620 3198 non
643 3140 786 3218 praeciso
810 3137 852 3198 ab
880 3137 1036 3200 Ecclesia
1069 3139 1181 3219 qualis

212 3254 271 3305 est
295 3244 352 3304 ille
376 3246 434 3323 qui
459 3253 511 3305 est
534 3247 644 3304 occulte
668 3245 789 3315 malus,
814 3245 940 3305 dicitur
963 3247 1056 3325 quod
1079 3246 1180 3308 debet

217 3352 297 3431 quis
330 3352 480 3431 recipere
515 3350 731 3431 Baptismum
766 3371 786 3411 a
809 3351 868 3412 tali
897 3353 1064 3423 ministr0‚
1100 3353 1181 3432 quia

218 3466 359 3537 propter
381 3468 556 3537 peecatum
589 3458 681 3538 quod
716 3478 784 3519 non
818 3468 871 3519 est
905 3461 1086 3527 notorium,
1110 3478 1179 3519 non

212 3564 319 3624 debet
342 3565 420 3644 quis
444 3566 477 3625 in
502 3564 634 3626 actibus
669 3566 813 3627 notoriis
835 3568 945 3626 vitare
973 3567 1178 3645 proximum.
