2600 4200
286 741 512 849 Iterum
549 741 868 850 Distinetio
909 721 983 849 X.

242 1009 354 1070 Adhuc
376 1011 459 1070 circa
483 1012 567 1072 Dist.
593 1031 639 1072 [ο.
673 1033 780 1091 quaro
813 1019 876 1073 tres
912 1013 1116 1087 Quoestrones.

152 1117 283 1180 Prima:
315 1117 429 1178 Utrum
458 1119 601 1179 Christus
624 1121 763 1180 existens
787 1122 820 1180 in
833 1121 1036 1180 Eucharistia
1046 1127 1118 1197 pos-

150 1231 198 1284 set
213 1231 276 1302 per
296 1225 437 1302 aliquam
460 1227 605 1285 virtutem
632 1229 808 1286 naturalem
839 1227 933 1286 alired
960 1232 1118 1286 transmu-

150 1337 220 1390 tare
243 1332 276 1390 in
300 1351 341 1392 se.
377 1329 550 1394 Secundo:
587 1332 628 1392 Si
660 1335 829 1393 intellectus
862 1339 985 1393 areanis
1013 1340 1119 1410 posset

151 1439 343 1498 naturaliter
364 1438 468 1498 nidere
491 1441 690 1500 existentiam
720 1439 867 1516 Corporis
883 1439 1010 1501 Christi.
1036 1439 1117 1501 Ter-

150 1545 215 1606 tio:
263 1545 376 1605 Utrum
415 1546 533 1623 aliquis
565 1565 675 1605 sensus
701 1551 808 1623 posset
838 1548 954 1606 sentire
997 1547 1117 1624 Carpus

154 1651 277 1712 Christi
297 1655 331 1712 in
355 1653 567 1714 Eucharistia.
676 1688 680 1696 ·

512 1898 695 1981 Quassmo
720 1900 746 1962 Ι.

267 2041 322 2103 Ad
336 2045 477 2121 primam
505 2043 716 2119 Qu'astianem
739 2045 784 2104 sic
801 2044 1001 2121 proceditur:

241 2200 389 2265 Videtur
404 2204 495 2284 quod
507 2202 667 2266 Christus
679 2206 713 2264 in
726 2202 946 2266 Eucharistia
960 2206 1116 2267 existens

149 2328 212 2390 per
236 2310 397 2372 virtutem
422 2310 611 2373 naturalem
636 2319 753 2390 posset
776 2320 1005 2372 transmutare
1022 2312 1116 2372 aliud

150 2418 185 2477 in
211 2436 257 2485 se.
283 2419 364 2499 quia
387 2417 516 2479 habens
540 2418 747 2497 principium
771 2418 1032 2486 transmutandi,
1058 2437 1116 2497 po

149 2530 218 2585 test
242 2516 303 2605 per
327 2522 412 2585 illud
436 2524 529 2585 aliud
553 2532 791 2585 transmutare.
817 2522 887 2585 Sed
904 2522 1062 2586 Christus
1079 2524 1114 2583 in

150 2629 368 2693 Eucharistia
392 2632 545 2694 existens
577 2630 680 2691 habet
709 2632 915 2711 principium
948 2641 1116 2692 transmu-

150 2738 244 2799 tandi
270 2738 373 2807 aliud,
390 2738 471 2817 quia
487 2756 622 2799 omnem
639 2735 784 2798 formam
801 2737 992 2799 absolutam
1010 2756 1112 2817 qnam

150 2844 253 2905 habet
277 2846 311 2905 in
335 2845 519 2907 existentia
544 2844 701 2913 naturali,
737 2844 839 2906 habet
872 2846 904 2905 in
930 2846 1116 2905 existentia

149 2950 398 3012 sacramentali.

244 3058 367 3117 Contra.
401 3054 512 3119 Omne
547 3076 656 3138 agens
692 3056 872 3138 physicum
909 3058 942 3118 in
978 3057 1115 3137 agendo

149 3165 332 3243 repatitur;
358 3164 419 3227 sed
442 3162 575 3244 Corpus
599 3162 726 3226 Christi
741 3165 775 3225 in
792 3162 1010 3225 Eucharistia
1025 3165 1116 3223 exis-

149 3279 228 3331 tens
251 3289 320 3331 non
344 3280 458 3349 potest
481 3272 567 3351 pati;
593 3289 677 3351 ergo
703 3289 765 3331 nee
788 3289 900 3353 agere.

240 3376 283 3437 In
308 3389 393 3438 ISTA
417 3388 653 3452 Quaestione,
672 3379 780 3454 primo
814 3385 1006 3456 pronuntur
1037 3376 1115 3437 duae

149 3483 397 3544 distinctiones.
424 3483 573 3551 Secundo,
601 3482 680 3544 duae
704 3482 960 3545 Conclusiones.
998 3484 1110 3550 Tertio,

147 3587 417 3651 Conclusionum
442 3589 698 3653 declarationes.
