2600 4200
220 262 284 310 222
464 245 538 313 Lus.
563 244 608 309 Ill
633 228 928 311 §numunianum

201 361 308 372 ..n——

197 452 331 535 quirere-
346 451 480 515 virtutes
505 452 641 519 morales
672 450 823 533 quamvis
858 460 1021 533 ponantur
1045 450 1078 513 in
1101 472 1163 514 vo·

196 558 334 621 luntate.

199 710 203 716 -
265 662 417 733 Dicitur
438 681 530 752 ergo
553 660 608 731 ud
635 661 892 750 questionem,
917 664 1007 747 quod
1029 664 1168 727 virtutes

200 772 338 834 morales
361 780 437 834 sunt
459 772 491 833 in
516 781 607 853 parte
630 771 788 845 rationali,
813 771 868 834 ubi
903 780 996 834 notat
1018 771 1165 853 quidam,

200 878 319 941 scilicet
343 878 581 953 Bonaventura,
606 878 696 960 quod
720 878 876 940 rationale
902 878 1061 960 accipitur
1083 878 1167 941 duo-

201 984 262 1047 bus
286 985 401 1049 modis.
426 984 504 1049 Uno
528 987 629 1048 modo
653 994 690 1047 ut
724 984 933 1067 distinguitur
964 993 1078 1048 contra
1107 1004 1169 1067 po-

200 1093 336 1155 tentiam
359 1092 562 1165 sensitivam,
586 1101 619 1155 et
643 1092 688 1154 sic
716 1112 831 1155 omnes
854 1092 989 1155 virtutes
1023 1100 1100 1154 suut
1133 1092 1167 1154 in

202 1208 293 1282 parte
317 1198 472 1261 rationali.
498 1198 577 1260 Alio
602 1199 713 1273 modo,
737 1207 836 1280 prout
862 1198 1071 1281 distinguitur
1093 1218 1170 1260 con-

201 1314 252 1368 tra
275 1305 456 1387 potentiam
492 1305 677 1379 vatinium,
700 1315 733 1367 et
760 1305 860 1367 sicin
895 1314 987 1387 parte
1022 1303 1169 1367 rationali

203 1412 336 1495 ponitur
370 1421 499 1475 tantum
535 1412 717 1494 prudentia.
742 1410 867 1475 Ceterae
890 1420 1001 1473 autem
1024 1411 1169 1485 virtutes,

203 1519 324 1582 scilicet
348 1518 481 1599 justitia,
506 1518 731 1600 temperantia,
755 1527 788 1580 et
810 1516 968 1580 fortitudo
1001 1524 1170 1599 ponuntur

204 1624 236 1687 in
260 1626 438 1688 voluntate.
464 1626 525 1688 Est
548 1635 659 1689 autem
688 1626 870 1687 notandum
905 1634 1038 1706 propter
1060 1632 1172 1686 aucto

206 1733 334 1795 ritatem
359 1732 548 1813 Philosophi
583 1732 639 1814 qui
663 1732 790 1794 videtur
820 1732 927 1794 dicere
959 1731 1169 1816 contrarium,

204 1839 295 1921 quod
320 1839 393 1901 licet
416 1839 551 1901 virtutes
571 1840 724 1925 'morales
759 1847 923 1919 ponantur
945 1837 978 1899 in
1001 1838 1171 1899 voluntate

206 1947 307 2007 modo
332 1946 563 2027 praeexpositO,
580 1954 690 2007 tamen
715 1945 865 2007 voluntas
889 1953 996 2026 potest
1012 1944 1173 2026 imperare

205 2052 362 2134 appetitui
387 2052 540 2115 sensitivo
565 2051 766 2115 moderando
801 2052 966 2133 passiones
991 2050 1062 2132 ejus
1085 2051 1172 2114 circa

206 2157 360 2241 fugienda
384 2160 433 2221 vel
458 2159 694 2240 prosequenda.
716 2158 760 2220 Et
775 2179 818 2220 ex
842 2157 891 2220 his
914 2159 1040 2220 actibus
1063 2166 1173 2239 potest

204 2265 380 2346 derelinqui
405 2275 437 2328 et
461 2265 605 2348 generari
637 2265 771 2346 quidam
808 2264 946 2337 habitus,
971 2265 1026 2346 qui
1062 2273 1173 2346 potest

205 2371 267 2434 dici
291 2373 402 2445 virtus,
428 2393 493 2434 non
517 2371 651 2453 quidem
675 2371 777 2433 virtus
801 2381 838 2433 ut
860 2380 909 2433 est
944 2370 1073 2432 habitus
1094 2371 1171 2432 elec·

206 2479 303 2551 liuns,
322 2487 357 2540 ut
381 2477 432 2540 hic
456 2478 637 2560 loquimur;
662 2479 718 2539 sed
735 2477 766 2539 in
783 2486 944 2559 quantum
968 2487 1017 2540 est
1040 2476 1174 2540 habitus

207 2585 423 2647 inclinaturus
446 2585 487 2646 ad
511 2605 549 2646 ea
573 2605 648 2665 quae
673 2593 749 2646 sunt
771 2605 915 2646 consona
928 2592 1023 2646 rectae
1044 2583 1172 2647 rationi.

207 2691 252 2752 Et
275 2713 317 2752 ex
341 2691 403 2752 hoc
427 2691 501 2752 dico
525 2691 614 2773 quod
642 2710 757 2753 omnes
780 2690 988 2752 auctoritates
1011 2710 1086 2771 quae
1111 2709 1174 2770 po-

208 2807 305 2870 nunt.
323 2799 456 2859 virtutes
491 2797 522 2859 in
558 2798 706 2879 appetitu
741 2797 904 2870 sensitivo‚
929 2797 1107 2878 loquuntur
1130 2797 1176 2858 de

208 2904 319 2967 habitu
347 2904 461 2966 ultimo
488 2904 587 2966 modo
611 2913 754 2986 sumpto,
778 2904 910 2985 dequo
934 2903 1011 2965 nihil
1034 2903 1076 2965 ad
1100 2923 1178 2985 pro-

208 3012 373 3092 positum
397 3018 429 3072 et
453 3031 509 3092 per
534 3011 596 3073 hoc
620 3019 710 3092 patet
733 3010 776 3072 ad
798 3014 1030 3098 argumenta
1061 3007 1175 3094 prin-

207 3115 358 3202 cipulin.

274 3223 332 3285 Ad
364 3223 494 3287 tertium
524 3223 711 3305 principale
746 3223 864 3286 scilicet
891 3223 932 3285 de
956 3221 1120 3284 irascibili
1140 3230 1176 3284 et

208 3330 449 3411 concupiscibili
470 3331 543 3394 dico
567 3332 657 3413 quod
689 3330 844 3392 irascibile
866 3340 899 3391 et
922 3327 1178 3410 concupiscibile

210 3457 274 3498 non
302 3437 407 3499 solum
443 3448 519 3500 sunt
545 3437 577 3499 in
612 3436 760 3519 appetitu
795 3435 957 3511 sensium,
981 3436 1038 3498 sed
1073 3435 1177 3498 etiam

203 3552 285 3605 aunt
309 3543 340 3605 in
365 3544 541 3606 voluntate.
