2600 4200
199 933 523 1042 Distinctio
548 933 692 1041 XXI
719 941 779 1042 et
811 935 997 1044 XXII.

194 1203 292 1280 Post
324 1203 540 1302 praedicta
573 1203 922 1280 considerandum
930 1267 991 1284 .....

281 1326 381 1392 Circa
405 1345 457 1390 21.
481 1336 512 1389 et
532 1346 585 1392 22.
610 1327 698 1390 Dist.
723 1328 905 1409 qrtoerz'tur:

480 1489 657 1570 Quissrro
681 1487 705 1550 Ι.

164 1645 265 1701 Utrum
286 1646 400 1715 Corpus
419 1645 526 1700 curun
544 1645 646 1700 fnlsset
671 1643 867 1714 putrefactum
885 1646 908 1700 sl
926 1661 1074 1702 resurrec-

117 1735 153 1788 ttu
167 1751 220 1791 non
238 1737 345 1792 fulsset
360 1735 531 1791 aecelerata.

175 1864 314 1926 Videtur
337 1865 428 1944 quod
452 1863 506 1936 sic,
530 1862 607 1944 quia
642 1871 757 1924 natura
782 1882 846 1924 non
883 1862 994 1944 incipit
1017 1863 1073 1925 ali·

117 1990 206 2050 quem
222 1979 354 2033 motum
369 1989 469 2051 quem
494 1989 560 2032 non
576 1969 678 2050 possit
701 1969 874 2031 terminare
900 1990 941 2031 ex
954 1988 986 2046 j.
1003 1971 1073 2032 Me-

117 2075 222 2158 taph.,·
245 2077 303 2141 sed
327 2077 361 2139 in
378 2075 509 2140 Christo
534 2075 681 2157 inceptus
696 2085 765 2139 erat
790 2083 898 2139 motus
921 2076 976 2157 qui
1004 2085 1072 2140 erat

116 2184 153 2245 ad
174 2184 453 2266 putrefactionem,
478 2183 555 2265 quia
577 2184 686 2246 anima
710 2204 784 2245 vere
808 2182 868 2244 fuit
891 2192 1071 2264 separataa

116 2311 259 2373 corpore;
291 2312 372 2373 ergo
402 2291 536 2353 tandem
561 2290 638 2352 illud
674 2310 793 2371 corpus
817 2288 927 2351 fuisset
962 2298 1071 2371 putre-

116 2396 239 2461 factum.
269 2396 503 2481 confirmatur,
530 2398 606 2479 quia
638 2397 722 2459 circa
747 2395 844 2459 finem
880 2396 975 2477 primi
1001 2396 1070 2459 libri

115 2505 151 2566 de
172 2507 296 2568 Anima
311 2506 428 2567 dicitur
444 2505 534 2586 quod
557 2503 743 2585 egrediente
755 2502 864 2563 anima
880 2504 921 2564 de
934 2522 1071 2585 corpore

115 2631 225 2694 corpus
248 2612 417 2675 marcescit
440 2621 473 2673 et
495 2611 633 2692 expirat.

174 2738 202 2782 2.
227 2720 397 2793 Praeterea,
412 2718 559 2783 Christus
583 2717 697 2779 habuit
710 2715 855 2779 defectus
870 2726 994 2779 natura:
1013 2716 1070 2777 hu-

114 2846 213 2889 manae
236 2827 383 2899 viventis
414 2826 513 2909 igitur
537 2824 606 2907 pari
631 2824 754 2887 ratione
786 2823 901 2886 habuit
923 2822 1072 2886 defectus

113 2942 232 2996 naturae
267 2933 422 2995 humanae
446 2942 607 3008 mortuae;
632 2932 689 2993 sed
713 2929 905 3013 putrefactio
940 2940 989 2993 est
1012 2931 1068 2993 de-

111 3037 208 3103 fectus
231 3060 433 3122 consequens
455 3048 606 3102 naturam
631 3047 813 3117 mortuam;
837 3058 925 3118 ergo

174 3164 202 3225 3,
227 3148 396 3222 Praeterea,
421 3166 589 3208 assumens
623 3155 774 3208 naturam
809 3142 993 3225 specificam
1022 3164 1070 3206 as-

110 3254 204 3316 sumit
228 3254 439 3336 proprietates
462 3261 587 3315 naturae
612 3251 710 3324 illius;
732 3252 787 3313 sed
804 3249 997 3331 putrefactio
1020 3234 1087 3312 est·

110 3361 283 3443 proprietas
299 3370 424 3423 naturae
439 3358 584 3441 corporis
601 3357 713 3433 mixti;
731 3378 806 3419 cum
823 3378 903 3439 ergo
920 3356 1070 3420 Christus

111 3467 221 3530 habuit
243 3488 359 3550 corpus
383 3467 527 3529 mixtum
551 3466 634 3528 sicut
656 3474 690 3527 et
712 3484 781 3536 nos
806 3464 949 3545 sequitur
976 3463 1068 3545 quod

110 3573 186 3637 illud
208 3594 324 3657 corpus
347 3574 459 3637 fuisset
480 3572 710 3655 putrefactum.

178 3679 308 3746 Contra:
335 3682 369 3744 in
403 3680 495 3744 Psal.
530 3679 664 3742 dicitur:
701 3698 766 3742 non
801 3677 894 3740 dabis
916 3683 1067 3739 sanctum

110 3795 203 3867 tuum
225 3790 329 3854 videre
351 3788 605 3871 corruptionem.
