2600 4200
318 235 506 300 Dtsrmcr.
533 235 658 300 XLIX
682 235 833 318 QuAEsr.
863 234 915 298 IV
1019 253 1079 316 397

490 523 673 605 QuAEsuo
697 523 759 585 IV.

257 668 313 728 Ad
332 674 479 746 quartam
506 669 717 742 Quoestionrru
739 670 783 726 sic
802 669 1000 744 proceditur:
1046 669 1051 678 '

234 827 294 889 Ad
317 838 473 907 quartam
498 826 734 907 Quaestionem
758 828 949 908 respondeo
966 829 1040 889 sine
1056 849 1106 890 ar·

146 936 331 1017 gumentis
346 935 437 1015 quod
449 954 592 1015 corpora
603 935 780 996 beatorum
793 946 893 997 erunt
908 935 1000 997 clara
1017 937 1105 999 sicut

146 1051 240 1123 patet
263 1062 324 1123 per
340 1041 571 1122 Apostolum:
594 1039 800 1112 reformabit,
831 1044 952 1122 inquit,
980 1062 1105 1124 corpus

146 1159 299 1211 nostrum
316 1148 566 1230 configuratum
582 1151 716 1230 corpori
733 1150 898 1211 claritatis
915 1169 998 1211 suae.
1018 1150 1103 1211 Item

145 1276 173 1316 r.
203 1256 271 1318 Cor.
296 1276 344 1333 15.
369 1257 513 1318 dicitur:
539 1256 606 1317 alia
628 1257 766 1318 claritas
790 1257 883 1328 solis
909 1258 977 1319 alia
1010 1256 1105 1318 clari·

145 1373 199 1425 tas
222 1363 324 1434 lunae,
348 1362 416 1425 alia
438 1365 575 1426 claritas
598 1364 785 1434 stellarum,
810 1365 860 1425 sic
883 1373 918 1427 et
940 1384 1105 1427 resurrec-

145 1472 194 1532 tio
227 1480 448 1541 mortuorum,
484 1471 585 1533 stella
610 1473 700 1532 enim
736 1469 849 1532 differt
884 1491 904 1534 a
938 1470 1038 1533 stella
1069 1473 1103 1533 in

145 1577 307 1639 claritate.
334 1615 375 1621 —
401 1577 470 1640 Sed
493 1578 635 1639 dubium
659 1587 712 1639 est
735 1579 818 1659 quid
841 1581 887 1640 sit
922 1580 989 1640 ista
1010 1579 1106 1640 clari·

145 1694 219 1758 tas3
244 1694 278 1746 et
301 1685 377 1746 dico
401 1686 494 1765 quod
517 1685 654 1746 claritas
686 1705 753 1746 non
778 1694 831 1746 est
854 1685 919 1746 nisi
944 1686 1103 1766 quaedam

144 1792 331 1853 relucentia
354 1811 458 1872 super
480 1792 566 1853 illud
590 1791 683 1872 quod
707 1791 807 1853 lucet.
832 1790 878 1855 Et
909 1792 1004 1854 addit
1037 1812 1105 1854 ma-

143 1897 396 1961 nifestationem
420 1919 461 1960 eo
484 1898 586 1960 modo
610 1918 679 1979 quo
702 1898 828 1960 dicitur
842 1898 934 1960 clara
957 1899 1030 1969 lux,
1047 1899 1102 1960 vel

143 2004 235 2067 clara
269 2007 406 2075 veritas,
442 2005 498 2066 vel
533 2005 624 2066 clara
659 2005 854 2066 intellectio,
884 2004 986 2067 Color
1020 2025 1104 2088 ergo

144 2116 296 2194 corporis
319 2113 410 2174 beati
434 2114 499 2174 erit
522 2112 644 2174 clarior
664 2113 852 2174 secundum
870 2114 1103 2175 diversitatem

144 2222 353 2290 meritorum,
377 2228 412 2282 et
435 2221 524 2281 sicut
546 2240 592 2281 ex
615 2221 783 2281 mixtione
814 2221 1028 2282 diversorum
1052 2241 1105 2282 co-

144 2325 254 2387 lorum
278 2327 373 2388 color
395 2345 484 2388 unus
519 2336 572 2387 est
606 2326 819 2387 delectabilis
854 2328 912 2387 uni
947 2336 981 2388 et
1015 2326 1103 2390 alius

143 2432 251 2502 alteri,
276 2434 383 2494 sicin
415 2432 533 2494 eadem
567 2432 808 2512 complexione
840 2433 1014 2495 habebunt
1037 2455 1105 2495 ma·

141 2539 249 2619 joram
287 2539 476 2601 claritatem
515 2539 667 2601 colorum
710 2539 896 2601 secundum
942 2540 1102 2620 majorem

542 2962 703 3173 tta
