2600 4200
218 216 237 280 o
432 210 508 279 Lm.
533 207 585 278 IV
610 209 915 280 Saunaurmnuir

194 395 302 458 multa
340 396 575 477 concipiantur
614 393 657 457 ab
696 394 870 458 intellectu
908 395 1006 476 quasi
1046 413 1155 456 unum

195 506 228 564 in
253 504 371 565 ordine
395 504 437 565 ad
461 502 554 565 aliud
578 504 763 586 signatum.
799 501 876 563 Hoc
892 511 1044 582 apparet,
1072 504 1157 582 quia

194 610 312 673 multae
348 611 519 672 orationes
553 619 736 679 contextae,
772 608 828 670 vel
863 628 932 671 una
963 611 1073 670 oratio
1107 628 1154 670 ex

194 718 312 780 multis
336 717 480 799 syllabis
503 735 581 797 quae
603 715 688 779 nihil
715 735 821 778 unum
852 733 914 796 per
945 734 982 777 se
1012 713 1153 784 iaciunt.

194 834 274 886 sunt
297 821 554 886 fundamentum
587 825 689 886 unius
712 824 888 884 relationis
918 822 1030 903 hujus,
1062 822 1156 884 vide·

150 971 151 974 =
194 933 273 994 licet
296 951 374 1012 quae
398 941 451 992 est
475 929 670 1013 significare
693 929 769 992 Deo
793 931 904 991 inesse
927 929 1043 1010 aliqua
1074 944 1153 1010 quae

194 1037 258 1101 sibi
284 1039 467 1101 intrinsece
491 1039 618 1108 insunt,
642 1055 720 1098 cum
744 1046 858 1099 tamen
874 1034 961 1098 illud
976 1037 1153 1118 signatum

194 1148 239 1207 sit
270 1165 375 1208 unum
411 1152 445 1206 et
480 1144 568 1207 idem
604 1143 906 1225 simplicissimum.
932 1142 1029 1213 Item.
1053 1143 1155 1205 aliter

193 1263 288 1333 patet
311 1251 402 1333 quod
428 1253 532 1332 major
546 1251 721 1332 praedictae
738 1251 983 1331 propositionis
997 1258 1051 1311 est
1065 1247 1154 1311 falsa

194 1360 236 1420 ad
260 1361 374 1421 minus
397 1361 431 1422 in
457 1357 680 1420 relationibus
694 1359 847 1428 rationis,
864 1358 946 1438 quia
957 1355 1154 1438 significare

192 1468 320 1528 bonum
344 1475 494 1528 mustum
518 1473 570 1526 est
594 1465 714 1526 relatio
738 1465 890 1534 rationis,
914 1464 1049 1544 etejus
1079 1461 1154 1525 iun·

193 1574 388 1636 damentum
413 1581 526 1654 potest
549 1591 625 1633 esse
657 1570 743 1633 illud
775 1580 896 1642 totum,
931 1569 1062 1632 scilicet
1091 1572 1154 1632 cir·

193 1680 291 1742 culus
314 1689 496 1761 coopertus
519 1677 611 1740 foliis
635 1679 678 1740 ad
701 1678 839 1740 modum
864 1679 983 1738 crucis.

290 1788 394 1848 Tertia
417 1789 510 1847 etium
532 1787 665 1846 conditio
689 1804 756 1846 non
780 1785 923 1865 impedit
957 1782 1154 1846 Sacramen-

193 1905 265 1957 tum
290 1893 433 1962 definiri‚
457 1895 538 1973 quia
569 1890 733 1962 definitio
768 1902 806 1952 ut
839 1892 1003 1972 exprimit
1036 1909 1154 1952 conce-

193 2011 300 2082 ptum,
325 2011 438 2082 potest
461 2019 537 2062 esse
560 2000 633 2081 ejus
656 1999 749 2080 quod
779 1998 882 2060 habet
916 1998 1045 2078 aliquid
1075 1997 1153 2058 loco

194 2110 331 2191 generis
369 2119 403 2169 et
441 2105 664 2180 differentiae;
704 2106 764 2168 sed
799 2103 1057 2168 Sacramentum
1099 2114 1153 2167 est

193 2216 408 2297 hujusmodi;
448 2234 542 2296 ergo.
594 2212 730 2275 Dicitur
767 2214 857 2275 enim
893 2210 1154 2275 Sacramentum

192 2326 318 2401 sigranni
344 2322 419 2383 loco
443 2323 590 2403 generis,
615 2341 658 2382 ea·
681 2322 873 2381 institutione
896 2319 972 2381 loco
998 2316 1154 2381 differen-

193 2432 261 2499 tiae,
288 2429 430 2490 sensibile
464 2438 502 2490 ut
536 2426 794 2489 fundamentum
824 2425 1011 2497 relationis,
1041 2428 1152 2505 gratia

194 2538 260 2597 Dei
281 2537 354 2597 siue
377 2534 502 2613 effecius
526 2534 592 2595 Der?
608 2537 771 2612 (preteritas
794 2543 832 2595 ut
854 2532 1105 2596 correlativum.

285 2644 408 2717 Quarta
432 2652 466 2703 et
496 2643 605 2721 quinta
639 2642 824 2715 conditiones
858 2660 927 2703 non
961 2640 1152 2721 impediunt

194 2748 450 2812 Sacramentum
490 2745 642 2819 definiri;
680 2765 756 2808 nam
792 2746 1051 2814 Sacramentum
1082 2766 1151 2808 non

192 2857 295 2918 habet
318 2866 518 2936 conceptum
543 2855 743 2935 simpliciter
765 2854 966 2935 simplicem,
990 2872 1054 2915 nec
1075 2872 1154 2915 con·

192 2973 327 3045 ceptum
353 2964 562 3045 singularem
587 2962 647 3023 sed
671 2960 909 3024 universalem.

247 3189 251 3205 ¹
282 3178 345 3242 De
369 3178 491 3243 tertio
507 3176 663 3239 seilicet
675 3172 880 3249 Arriano,
896 3174 974 3235 dico
989 3171 1081 3254 quod
1096 3170 1154 3234 de·

193 3284 302 3347 finitio
327 3284 537 3346 Sacramenti
562 3294 614 3345 est
638 3282 718 3343 illa:
743 3282 981 3342 Sacramentum
998 3282 1154 3340 ensem-i·

193 3393 251 3452 bile
274 3396 410 3469 signnm,
435 3394 576 3469 gratiam
601 3391 667 3450 Dei
687 3390 740 3449 vel
757 3390 826 3466 ejus
855 3386 997 3466 effectam
1027 3390 1155 3464 gratui-

193 3506 257 3559 tum
297 3520 340 3558 ex
376 3500 567 3558 institutione
605 3498 713 3557 diuina
750 3495 916 3574 efficaciter
952 3494 1150 3575 mirificans,

193 3606 368 3665 ordinatum
393 3606 436 3663 ad
467 3606 596 3663 salutem
632 3604 767 3662 hominis
800 3603 939 3663 auctioris.
975 3600 1060 3664 Cum
1092 3602 1157 3663 illa
