2600 4200
311 241 498 307 Drsmrcr.
523 242 655 306 XXXII
679 242 828 325 Quasr.
852 242 882 304 11
1041 254 1102 319 215

157 448 267 530 majus
291 470 412 513 munus
435 450 564 531 gratiae;
599 470 680 531 ergo
714 448 863 513 Christus
886 447 998 511 debuit
1022 455 1128 509 osten-

155 556 236 619 dere
263 556 361 619 Petro
395 556 487 639 signa
522 556 655 638 majoris
681 555 906 619 familiaritatis
934 574 1035 637 quam
1071 554 1126 635 Jo-

154 663 247 725 anni.
270 698 315 710 -
339 661 408 726 Sed
426 663 475 725 ad
494 661 552 725 lroc
574 664 748 745 respondet
771 662 982 744 Augustinus
1005 660 1125 724 ibidem

155 769 271 832 dicens
304 769 395 851 quod
418 768 494 851 quia
525 790 582 852 per
613 771 747 833 Petrum
783 779 816 832 et
839 769 999 850 Joannem
1031 768 1127 851 signi-

156 876 276 939 ficatur
298 876 424 958 duplex
447 876 523 951 vita,
547 877 668 939 scilicet
688 897 747 959 per
771 876 904 939 Petrum
926 875 994 937 vita
1009 875 1125 949 activa,

155 1003 218 1066 per
248 983 409 1063 Joannem
440 982 506 1046 vita
529 982 803 1065 contemplativa,
827 982 894 1044 vita
924 991 1035 1044 autem
1070 1002 1124 1043 ac-

154 1090 228 1153 tiva
238 1099 287 1152 est
299 1089 488 1153 laboriosior
510 1098 542 1153 et
555 1089 760 1166 fructuosior;
777 1090 1032 1171 contemplativa
1047 1109 1126 1151 vero

153 1206 209 1259 est
240 1198 349 1279 purior
382 1206 415 1259 et
443 1196 627 1278 jucundior,
652 1206 685 1259 et
712 1197 786 1260 ideo
808 1197 852 1258 ad
886 1195 1122 1259 ostendendam

156 1303 259 1384 hujus
292 1302 429 1386 duplicis
455 1304 532 1365 vitae
559 1302 773 1365 differentiam
805 1302 911 1385 magis
933 1301 1124 1365 familiarem

156 1409 308 1473 Christus
330 1431 365 1473 se
387 1410 564 1473 exhibebat
587 1409 704 1490 Joanni
728 1429 829 1492 quam
853 1409 959 1474 Petro.

229 1622 361 1688 Alius
383 1623 544 1689 modus
566 1621 746 1689 dicendi
764 1631 813 1687 est
835 1622 927 1704 quod
950 1622 1064 1685 Petrus
1079 1621 1125 1683 di-

155 1729 240 1791 lexit
262 1728 446 1805 ferventius
459 1730 532 1791 ideo
545 1729 739 1811 diligebatur
751 1728 877 1793 fortius.
891 1729 1032 1809 Joannes
1044 1749 1124 1791 vero

155 1836 315 1918 diligebar
338 1836 473 1911 dulcius,
499 1836 573 1899 ideo
596 1837 791 1919 diligebatur
825 1857 845 1899 a
880 1835 1010 1900 Christo
1033 1834 1124 1899 fami-

155 1942 277 2017 liarius,
300 1950 332 2005 et
356 1942 401 2005 sic
434 1943 615 2005 secundum
638 1944 782 2006 diversas
812 1944 881 2005 vias
915 1944 956 2004 de
984 1951 1124 2024 utroque

156 2058 266 2133 potest
289 2049 424 2113 concedi
448 2050 537 2132 quod
562 2050 667 2133 magis
690 2049 845 2134 diligebat
868 2058 902 2112 et
924 2050 1029 2133 magis
1056 2050 1124 2113 dili-

157 2157 310 2239 gebatur.

232 2369 407 2438 floridus
429 2373 589 2438 modus
610 2371 790 2437 debenda·
819 2378 868 2434 est
891 2370 981 2452 quod
1009 2369 1122 2432 Petrus

156 2477 264 2560 magis
287 2477 400 2540 dilexit
424 2480 533 2542 Deum
547 2478 578 2541 in
592 2479 755 2561 proximo,
780 2478 921 2559 Joannes
943 2498 1022 2538 vero
1053 2498 1121 2538 ma-

156 2585 207 2667 gis
230 2585 341 2646 Deum
366 2585 397 2646 in
421 2587 456 2648 'se
478 2585 601 2661 dilexit,
638 2587 725 2648 unde
760 2585 874 2647 Petrus
905 2584 1045 2665 suscepit
1068 2605 1122 2646 cu-

131 2705 139 2720 ·
155 2711 227 2754 ram
241 2691 425 2774 regiminis,
443 2692 585 2773 Joannes
597 2713 674 2755 vero
694 2712 806 2754 curam
820 2689 1119 2772 contemplationis;

154 2818 237 2881 ergo
260 2798 375 2861 Petrus
397 2799 610 2862 efficaciorem
646 2799 784 2882 gratiam
819 2796 935 2861 habuit
968 2799 1010 2860 ad
1034 2796 1121 2860 labo-

155 2926 226 2967 rem
249 2905 395 2974 actionis,
421 2905 561 2986 Joannes
585 2927 663 2968 vero
686 2904 899 2968 efficaciorem
922 2904 1119 2985 adquietem

153 3012 449 3094 contemplationis.

221 3221 279 3288 Ao
303 3237 536 3288 ARGUMENTA
563 3239 796 3290 PRINC1PAL1A
825 3235 915 3309 patet
949 3246 993 3288 ex
1026 3223 1119 3286 dictis

152 3331 230 3415 quia
242 3351 451 3415 quaecunque
467 3332 600 3396 istarum
614 3334 741 3396 viarum
753 3341 910 3408 teneatur,
927 3341 1017 3415 patet
1029 3331 1118 3413 quod

151 3448 350 3523 argumenta
374 3448 507 3501 currunt
519 3439 578 3502 viis
601 3440 675 3515 suis,
699 3449 761 3505 etc.

596 3652 677 3757 al<
