2600 4200
231 237 291 294 190
441 216 516 282 Lm.
542 215 594 277 IV
619 214 925 279 Sauranrmnun

202 396 330 456 tionem
355 397 531 468 virtutum,
556 395 648 474 quod
673 395 715 455 ad
739 394 808 455 duo
824 414 952 476 genera
964 414 1083 457 omnes
1099 398 1165 456 vir-

202 510 294 563 tutes
318 502 535 562 reducuntur.
553 500 701 560 probatio
720 503 932 569 arelecedentz's,
954 504 1035 582 quia
1051 512 1164 565 actum

203 610 308 670 istum
332 606 528 669 vindicandi
559 617 674 687 potest
698 609 823 689 aliquis
846 608 966 691 eodem
990 610 1091 670 modo
1115 628 1166 676 see

202 715 352 776 cundum
376 724 503 775 rectam
526 716 693 776 rationem
707 734 886 783 excercere
903 716 936 776 in
954 715 1097 777 alterum
1122 718 1165 777 si·

201 831 261 883 cut
283 823 319 882 in
343 824 515 901 seipsum;
541 823 570 881 si
595 830 708 882 autem
737 806 895 883 exerceat
930 822 964 882 in
997 804 1163 902 seipsum,

203 947 272 989 non
288 936 426 989 exercet
442 928 476 988 in
493 947 531 988 se
548 929 613 988 nisi
626 937 664 988 ut
676 928 831 997 alterum,
849 929 931 1008 quia
947 948 1014 990 non
1027 940 1165 991 exercet

204 1036 269 1096 nisi
295 1036 496 1114 inquantum
521 1035 718 1117 committur
742 1034 806 1095 sibi
842 1054 862 1095 a
896 1035 1094 1117 legislatore
1129 1037 1163 1097 in

205 1144 308 1204 istum
332 1160 428 1201 reum
452 1140 636 1201 vindicare.

302 1250 406 1308 Tertia
435 1248 596 1307 Conclusio
619 1232 672 1309 est
696 1248 789 1328 quod
812 1250 1044 1327 poenitereest
1067 1258 1165 1310 actus

203 1355 393 1417 voluntatis
427 1355 524 1435 cujus
558 1366 611 1416 est
645 1356 823 1435 imperare,
851 1366 885 1416 et
920 1356 985 1416 hoc
1021 1358 1166 1435 imperio

204 1464 396 1542 pertinente
417 1461 463 1538 ad
487 1462 692 1522 irascibilem
718 1462 772 1521 vel
785 1464 973 1542 potentiam
991 1463 1091 1523 aliam
1109 1462 1167 1523 ha·

203 1569 305 1655 bente
330 1568 460 1648 aliquid
483 1569 517 1629 in
542 1588 580 1629 se
604 1568 707 1629 simili
733 1570 851 1629 virtuti
877 1569 1048 1629 irascibili.
1067 1567 1167 1631 Sicut

204 1677 295 1735 enim
320 1674 501 1736 irascibilis
525 1677 560 1736 in
584 1676 752 1736 sensitiva
775 1694 855 1735 suo·
876 1675 980 1735 modo
1002 1676 1165 1745 vindicat,

206 1783 311 1841 itaet
334 1782 401 1843 ista
427 1784 581 1861 potentia
615 1801 694 1860 quae
730 1783 874 1861 imperat
908 1782 1094 1843 vindictam
1130 1784 1167 1843 in

206 1896 313 1967 parte.
326 1888 538 1949 intellectiva
560 1888 664 1948 habet
687 1887 826 1968 aliquod
858 1887 970 1949 simile
994 1890 1029 1950 in
1054 1890 1169 1950 irasci·

204 1994 287 2066 nnn
313 1995 373 2055 sea
397 1994 482 2056 inud
506 1995 595 2055 inest
620 1976 799 2056 voluntati.

295 2099 365 2164 Sed
388 2103 443 2162 hic
467 2112 581 2182 potest
604 2121 680 2183 esse
712 2102 852 2163 dubium
888 2103 930 2164 de
963 2102 1168 2165 habitudine

206 2210 306 2271 istius
331 2210 451 2269 vitutis
475 2209 518 2269 ad
541 2209 753 2278 charitatem,
771 2228 849 2288 quae
866 2211 910 2270 sit
928 2209 1095 2281 nobilior3
1120 2229 1167 2271 ex

205 2336 275 2396 quo
298 2317 388 2376 enirn
413 2308 479 2375 ista
502 2316 665 2395 importat
688 2323 800 2376 actum
817 2315 1003 2384 charitatis,
1016 2335 1101 2398 ergo
1113 2327 1168 2378 est

207 2422 356 2484 nobilior
378 2421 552 2481 charitate.
578 2457 619 2464 —
644 2419 714 2482 Sed
738 2421 803 2482 hoc
835 2441 901 2483 non
926 2422 1085 2483 obstante
1119 2423 1168 2484 di-

205 2529 350 2590 cendum
375 2537 428 2587 est
450 2528 543 2606 quod
573 2528 722 2588 charitas
755 2538 809 2590 est
842 2527 999 2600 nobilior,
1024 2539 1058 2589 et
1092 2529 1168 2610 ejus

205 2628 376 2715 objectum
400 2644 453 2695 est
476 2633 572 2696 Deus
596 2636 660 2696 sub
684 2636 816 2696 ratione
840 2635 1009 2715 objectiva
1029 2636 1169 2698 nobilis·

206 2743 302 2811 sima,
327 2743 503 2821 proprium
538 2751 651 2802 autem
687 2741 857 2822 objectum
891 2743 992 2803 istius
1027 2744 1167 2804 virtutis

206 2859 260 2910 cst
283 2847 411 2908 malum
435 2849 642 2910 vindicabile
666 2848 722 2909 vel
750 2848 845 2910 Deus
880 2850 1082 2927 inquantum
1113 2859 1168 2910 est

205 2955 459 3017 vindicandum.

296 3061 355 3122 Ad
378 3063 479 3124 istam
503 3063 701 3123 instantiam
725 3063 801 3123 dico
825 3053 917 3142 quod
933 3062 1094 3123 voluntas
1117 3081 1168 3124 se-

206 3169 355 3229 cundum
379 3169 535 3230 diversos
557 3168 696 3230 habitus
719 3178 833 3247 potest
857 3170 906 3230 uti
930 3171 1044 3248 seipsa
1067 3171 1166 3249 quasi

206 3275 426 3345 circulariter,
454 3276 518 3335 hoc
553 3275 665 3345 m0d0‚
691 3295 735 3337 ex
770 3274 952 3336 dilectione
986 3274 1052 3336 Dei
1086 3294 1167 3356 quae

206 3392 260 3443 est
283 3391 379 3442 actus
404 3381 590 3451 charitatis,
616 3382 731 3462 potest
759 3385 927 3462 imperare
961 3391 1073 3444 actum
1109 3401 1167 3444 vo·

207 3489 350 3550 luntatis
372 3489 621 3550 vindicativum
645 3492 785 3568 peccati,
810 3497 886 3550 ete
920 3507 1086 3550 converso
1119 3508 1165 3552 ex

207 3604 285 3655 actu
310 3596 513 3674 imperativo
529 3595 726 3657 vindicandi
742 3604 857 3676 potest
873 3597 1040 3676 imperare
1052 3604 1165 3658 actum
