2600 4200
398 249 587 312 Drsrntcr.
613 247 649 310 X
674 247 826 328 Quasi.
851 249 867 310 Ι
1040 269 1074 310 12
1080 270 1097 326 5
1174 269 1180 279 ·

251 427 362 488 Prima
386 437 439 488 est
463 430 547 489 ista:
574 425 798 508 Quaecunque
822 436 902 488 sunt
936 429 1050 507 priora
1072 447 1123 488 es

159 533 350 596 sentialiter
374 535 449 615 ipso
486 535 547 602 ubi,
588 531 803 595 uniformiter
837 536 954 595 insunt
987 535 1121 614 corpori

158 642 319 722 quamvis
343 641 490 702 habeant
513 641 651 702 diversa
671 642 733 709 ubi,
755 640 843 702 idest
859 659 927 702 non
945 643 1123 702 variantur

159 749 293 808 variato
303 748 380 828 ipso
405 747 466 808 ubi.
492 746 589 808 Istud
613 756 718 828 patet,
742 749 825 828 quia
847 748 944 828 prius
959 747 1121 808 essentia-

159 853 238 916 liter
276 871 344 916 non
385 855 536 914 variatur
574 862 715 934 propter
754 855 977 915 variationem
1011 863 1123 934 poste·

159 961 270 1024 rioris.

250 1061 391 1128 Secunda
410 1069 581 1144 proposiiio
605 1076 658 1128 est
682 1066 755 1127 illa:
773 1067 861 1128 sieut
877 1085 1016 1146 passum
1034 1068 1123 1128 exis-

159 1182 236 1235 tens
260 1175 297 1236 in
319 1191 389 1236 tmo
413 1173 468 1232 ubi
488 1175 631 1254 recipiet
651 1172 794 1234 formam
819 1193 840 1234 a
862 1173 997 1235 duobus
1020 1193 1123 1256 agen·

158 1388 194 1448 in
219 1386 353 1447 duobus
377 1385 462 1446 locis
479 1388 632 1448 existens
649 1388 798 1466 patietur
814 1387 856 1446 ab
873 1386 1001 1447 eisdem
1019 1405 1122 1467 agen-

157 1494 252 1554 tibus
277 1493 340 1554 sibi
366 1493 616 1572 approximatis
640 1495 675 1554 in
700 1492 770 1554 illis
797 1493 931 1554 duobus
965 1492 1060 1560 locis,
1087 1503 1121 1554 et

157 1599 223 1690 hoc
248 1599 406 1680 intelligo
430 1599 472 1660 de
496 1601 656 1678 passione
695 1617 773 1680 quae
809 1607 861 1660 est
895 1599 938 1660 ad
972 1597 1118 1660 formam

156 1705 361 1768 absolutam.

257 1813 360 1872 Tertia
378 1814 549 1890 propositio
574 1821 607 1872 et
631 1813 718 1874 ista:
744 1809 842 1873 Sicut
858 1830 983 1894 corpus
999 1813 1033 1873 in
1051 1832 1121 1874 uno

157 1919 213 1978 ubi
234 1919 389 1980 existens
412 1937 450 1979 se
473 1917 613 1980 haberet
639 1919 672 1978 in
701 1919 832 1980 ratione
868 1921 971 1980 activi
1007 1920 1049 1979 ad
1073 1920 1121 1980 di·

157 2043 259 2086 versa
279 2024 347 2086 sibi
373 2025 612 2106 approximata
636 2025 671 2086 in
697 2025 756 2086 illo
780 2024 841 2091 ubi,
870 2027 919 2086 sic
945 2027 1057 2110 ipsum
1082 2036 1120 2092 ut

155 2134 312 2194 existens
337 2134 371 2193 in
394 2132 529 2193 duobus
553 2132 608 2191 ubi
629 2151 667 2193 se
690 2132 847 2193 habetati
863 2133 982 2194 eadem
999 2133 1064 2193 sibi
1083 2134 1117 2193 in

156 2238 228 2301 illis
252 2239 306 2300 obi
327 2241 575 2319 approximate.

250 2344 311 2407 His
329 2347 507 2423 promissis
530 2345 606 2405 dico
631 2344 674 2405 ad
697 2347 840 2423 primum
877 2356 1118 2426 argumentum

155 2449 398 2531 quodfalsum
422 2461 474 2512 est
498 2451 589 2530 quod
614 2470 675 2531 per
699 2451 827 2511 nullam
851 2452 1014 2512 virtutem
1028 2452 1116 2512 idem

155 2576 283 2637 corpus
306 2566 419 2637 potest
443 2576 519 2619 esse
544 2558 577 2619 in
602 2558 761 2637 pluribus
785 2557 890 2629 locis;
923 2567 957 2618 et
988 2558 1117 2639 probo:

157 2662 228 2744 Ipsi
254 2664 344 2726 enim
369 2664 560 2725 concedunt
583 2664 675 2744 quod
692 2662 825 2743 Corpus
849 2663 976 2726 Christi
1001 2674 1118 2744 posset

155 2788 234 2831 esse
258 2770 384 2849 ubique
419 2770 721 2839 sacramentaliter,
756 2772 837 2850 quia
871 2781 986 2850 potest
1021 2770 1118 2832 Deus

155 2884 266 2938 totum
291 2879 488 2938 universum
517 2885 717 2938 convertere
752 2879 787 2936 in
822 2876 955 2957 Corpus
989 2876 1116 2939 Christi

154 2983 246 3043 sicut
268 3000 391 3063 panem
406 3004 412 3054 ;
439 2982 499 3043 sed
524 3002 590 3043 non
606 2994 668 3044 ,est
684 2984 793 3063 major
808 2984 968 3045 limitatio
980 2984 1023 3043 ad
1040 3003 1116 3044 esse

153 3088 280 3150 alicubi
294 3088 447 3153 localiter
463 3108 566 3169 quam
583 3089 875 3153 sacramentaliter
886 3091 1117 3170 comparando

153 3194 200 3255 ad
224 3198 412 3275 potentiam
436 3195 512 3257 Dei.
538 3196 672 3255 Etcum
695 3197 811 3255 di'citur
833 3196 925 3277 quod
948 3215 1024 3257 esse
1047 3197 1119 3258 ubi-

120 3376 123 3381 ·
155 3319 223 3383 que
247 3312 299 3363 est
322 3304 497 3382 proprium
510 3301 586 3371 Dei.
611 3303 678 3362 dico
701 3303 793 3383 quod
805 3302 902 3364 Deus
918 3322 962 3363 ex
980 3322 1042 3363 sua
1059 3304 1118 3363 im·

154 3408 338 3469 mensitate
354 3418 407 3469 est
424 3410 614 3470 necessario
639 3408 775 3488 ubique,
793 3419 826 3470 et
848 3408 979 3470 nullum
1003 3418 1117 3488 potest

155 3532 233 3575 esse
256 3514 311 3573 ubi
333 3516 368 3575 in
392 3534 459 3594 quo
484 3534 550 3575 non
576 3517 621 3575 sit
643 3514 741 3577 Deus
764 3534 825 3595 per
848 3516 1041 3581 essentiam,
1059 3534 1117 3595 po-

156 3622 300 3685 tentiam
323 3632 357 3681 et
380 3622 606 3701 praesentiam,
631 3633 666 3681 et
689 3622 749 3682 illo
773 3623 874 3683 modo
902 3632 955 3681 est
990 3624 1114 3701 impos-
