2600 4200
337 219 526 282 Drsrmcr.
557 220 681 282 XLIX
699 219 893 300 QUAEST.I
1019 227 1080 300 387

140 397 364 476 corporalem.
390 397 488 460 Sicut
511 418 596 480 ergo
613 401 689 479 ipsa
705 400 769 460 erit
785 397 934 479 perfecte
951 401 1106 480 subjecta

143 502 219 564 Deo
242 513 415 586 tamquam
439 507 607 586 superiori
632 524 705 574 suo,
734 507 783 566 ita
816 504 966 586 perfecte
1000 507 1105 568 domi-

141 611 280 672 nabitur
303 631 367 673 suo
389 614 523 692 corpori
548 611 710 674 inferiori.

231 719 297 778 Pro
318 721 451 779 secunda
475 722 536 784 via.
569 720 701 782 scilicet
735 739 797 800 pro
832 720 921 789 dote,
947 722 1105 802 arguitur

139 825 192 885 sic
215 844 276 905 per
299 825 385 887 illud
408 825 602 908 Augustini
636 827 681 885 ad
702 828 914 887 Dioscorum:
950 837 1019 888 tam
1046 847 1105 907 po·

140 940 269 993 tentem
294 931 375 994 feeit
399 932 494 995 Deus
518 935 677 1002 animam,
703 943 741 994 ut
764 953 809 994 ex
836 933 909 1014 ejus
932 933 1035 1015 plena
1058 933 1104 994 le·

139 1038 270 1099 licitate
293 1040 460 1102 redundet
483 1042 518 1101 in
541 1060 667 1121 corpus
701 1041 831 1102 sanitas
866 1050 1033 1121 perpetua
1068 1052 1103 1102 et

139 1146 244 1226 vigor
267 1147 545 1226 incorruptibilis.
571 1146 698 1208 Modus
730 1146 878 1226 ponendi
913 1147 993 1208 talis
1028 1158 1101 1208 est:

138 1253 230 1313 sicut
252 1252 396 1314 durities
419 1263 471 1315 est
495 1254 653 1333 quaedam
679 1253 947 1334 impassibilitas,
972 1254 1104 1316 scilicet

1 1360 18 1370 ““
72 1406 89 1420 ..
140 1359 326 1439 prohibens
350 1360 521 1439 quandam
545 1363 741 1440 passionem
774 1379 816 1421 ne
850 1360 980 1422 habens
1014 1361 1105 1422 duri·

137 1467 222 1526 tiem
253 1464 400 1527 faciliter
433 1467 618 1537 scindatur,
655 1469 704 1528 sic
738 1466 904 1546 possibile
939 1476 991 1529 est
1025 1487 1102 1528 esse

138 1572 289 1652 aliquam
313 1573 514 1652 qualitatem
538 1573 778 1653 prohibentem
802 1592 937 1635 omnem
972 1576 1102 1654 passio-

137 1699 217 1739 nem
241 1681 483 1761 corruptivam.

228 1785 293 1845 Pro
316 1789 408 1846 tertre
432 1787 485 1845 via
509 1787 667 1868 arguitur
690 1787 760 1847 sic:
786 1785 900 1847 ablato
918 1788 1029 1866 primo
1046 1806 1103 1848 au·

136 1889 245 1952 fertur
269 1891 447 1972 quodlibet
477 1895 669 1972 posterius3
706 1892 766 1953 sed
800 1901 915 1974 motus
948 1893 1102 1954 coelestis

135 2005 192 2058 est
214 1999 346 2078 primus
369 2008 534 2068 motuum,
559 2002 589 2060 8.
615 1999 732 2074 Phys.,·
756 1999 832 2060 ideo
867 2018 908 2059 eo
943 2009 1101 2060 cessante

135 2116 250 2166 cessat
272 2107 385 2167 omnis
408 2117 531 2167 motus
559 2143 599 2151 —
625 2104 695 2168 Sed
718 2103 805 2167 forte
838 2106 932 2167 nulla
966 2108 1099 2167 viarum

136 2211 379 2291 praedictarum
418 2213 520 2281 valet.
555 2214 707 2273 maxime
748 2214 814 2273 ista
830 2214 948 2295 ,tertia
982 2223 1125 2283 contra¹

136 2337 240 2397 quam
265 2329 317 2379 est
340 2319 504 2379 articulus
528 2320 645 2380 dicens
680 2320 774 2399 quod
807 2326 907 2379 stante
940 2320 1020 2387 coelo,
1048 2326 1103 2396 ap·

127 2410 316 2501 pr0⁶ximato
344 2428 418 2503 igne
441 2431 568 2502 stuppoe,
597 2426 682 2503 quod
711 2428 797 2502 ignis
832 2447 891 2485 non
926 2428 1102 2502 corrumpit

135 2536 290 2608 stuppam,
318 2538 365 2591 est
386 2551 485 2591 error.

227 2637 308 2698 Ideo
332 2638 456 2699 dicitur
479 2638 627 2698 tenendo
644 2649 800 2717 quartam
818 2640 920 2705 viam,
940 2637 1100 2699 videlicet

134 2745 229 2824 quod
252 2764 356 2806 causa
378 2743 666 2824 impassibilitatis
697 2755 750 2805 est
784 2726 946 2805 'voluntas
981 2744 1101 2805 divina

134 2870 205 2911 non
229 2870 379 2932 coagens
402 2869 516 2912 causae
540 2850 701 2911 secundae
725 2851 943 2931 corruptivae.
969 2848 1015 2911 Et
1038 2870 1100 2930 per

135 2956 201 3018 hoc
224 2967 276 3018 est
292 2958 503 3038 impassibile
527 2977 595 3018 non
619 2958 774 3037 potentia
786 2966 917 3017 remota
940 2957 1001 3018 sed
1024 2976 1100 3036 pro-

135 3065 285 3143 pinqua;
311 3084 373 3125 nec
397 3084 417 3125 a
439 3084 544 3126 causa
567 3066 762 3133 intrinseca,
788 3064 848 3125 sed
873 3083 892 3124 a
915 3082 1019 3124 causa
1042 3082 1100 3123 ex·

134 3172 283 3232 trinseca
307 3172 523 3251 impediente,

225 3278 290 3337 Sed
309 3284 425 3345 contra,
454 3278 535 3357 quia
559 3286 640 3337 tunc
671 3276 930 3357 impassibilitas
956 3295 1023 3336 non
1049 3295 1099 3337 es-

133 3391 189 3444 set
212 3383 274 3444 dos
297 3385 449 3463 corporis
465 3383 567 3451 beati,
585 3402 663 3445 nam
680 3383 743 3443 dos
759 3393 812 3443 est
824 3382 954 3463 aliquid
967 3383 1099 3443 intrise-

133 3508 213 3550 cum
237 3492 268 3551 ei
292 3491 390 3570 cujus
413 3500 485 3561 est;
510 3490 571 3550 sed
592 3489 687 3558 illud.
713 3488 844 3550 scilicet
868 3488 981 3550 Deum
1006 3489 1098 3550 velle

134 3597 316 3676 prohibere
339 3615 460 3658 causas
495 3596 662 3657 secundas
698 3614 739 3655 ne
774 3604 1003 3675 corrumpant,
1029 3615 1096 3655 non
