2600 4200
228 265 416 331 D1sT1ucr.
442 266 542 329 XXX
565 274 599 327 et
623 264 738 327 XXXI
763 263 914 345 QuAEsT.
940 265 969 327 ΙΙ
1017 280 1082 344 ²09

135 482 230 535 actus
253 472 408 546 eliciatur,
434 492 499 534 non
532 470 638 534 solum
676 469 845 553 requiritur
880 469 1021 533 charitas
1050 471 1107 533 sed

135 580 236 642 etiam
262 578 433 661 requiritur
457 579 621 660 cognitio;
647 578 705 640 sed
729 577 830 640 modo
853 577 899 641 ita
932 586 981 640 est
1015 577 1106 660 quod

135 687 198 748 alia
221 686 368 768 cognitio
404 684 540 748 habetur
564 685 595 747 in
619 685 673 746 via
696 694 729 747 et
751 684 814 747 alia
836 684 869 747 in
893 684 1007 766 patria,
1030 684 1107 766 quia

135 793 168 855 in
193 794 298 875 gloria
322 791 460 854 habetur
484 793 630 874 cognitio
655 791 686 853 in
712 792 835 854 lumine
859 790 982 874 gloriae,
1000 792 1031 853 in
1055 791 1107 853 via

136 908 248 961 autem
274 898 412 961 habetur
436 899 580 981 cognitio
603 900 635 961 in
660 899 783 961 lumine
806 896 891 972 fidei,
915 908 947 960 et
971 898 1032 961 ista
1061 898 1107 959 lu-

140 1006 227 1069 mina
252 1015 328 1069 sunt
355 1006 484 1068 alterius
519 1006 660 1079 rationiS,
684 1013 716 1067 et
749 1005 822 1068 ideo
856 1014 949 1068 actus
972 1006 1028 1087 qui
1052 1006 1106 1067 eli·

139 1115 269 1176 ciuntur
285 1134 304 1175 a
320 1111 476 1175 charitate
492 1134 567 1175 cum
592 1113 777 1175 diversitate
800 1112 919 1174 horum
944 1113 1106 1175 luminum

138 1230 216 1283 sunt
239 1219 372 1282 alterius
395 1218 535 1281 rationis.

207 1433 269 1496 An
306 1445 449 1495 Pnrrruu
481 1446 696 1496 pulueream:
724 1432 900 1495 dicendum
924 1432 1015 1513 quod
1041 1451 1107 1494 non

137 1550 189 1602 est
213 1538 327 1601 similis
351 1537 552 1619 imperfectio
576 1538 608 1601 in
632 1538 788 1601 charitate
811 1548 843 1601 et
866 1539 899 1601 in
919 1538 987 1601 aliis
1010 1539 1109 1600 virtu-

138 1647 240 1719 tibus,
265 1666 341 1707 nam
366 1646 437 1706 aliae
462 1645 595 1707 virtutes
622 1646 775 1708 dicuntur
808 1644 1007 1727 imperfecta*
1032 1645 1108 1726 quia

137 1755 173 1816 in
198 1752 326 1815 actibus
350 1752 415 1813 suis
435 1752 605 1815 includunt
628 1752 750 1834 aliquid
766 1752 808 1814 ad
824 1752 914 1833 quod
931 1751 1107 1813 necessario

137 1859 288 1941 sequitur
312 1857 515 1940 imperfectio
537 1858 655 1940 aliqua.
680 1859 788 1921 Actus
811 1868 921 1921 autem
945 1857 1108 1921 charitatis

137 1986 208 2028 non
221 1966 276 2039 sic,
289 1965 367 2047 quia
380 1964 594 2027 indifferenter
611 1986 644 2026 se
661 1965 759 2027 habet
771 1965 813 2026 ad
829 1963 1059 2046 perfectionem
1075 1975 1108 2027 et

138 2070 432 2154 imperfectionem,
446 2080 478 2134 et
500 2072 653 2136 accidunt
676 2071 735 2134 sibi
759 2072 833 2147 ista;
856 2080 890 2134 et
906 2071 977 2134 haec
993 2080 1041 2134 est
1056 2071 1109 2134 via

138 2179 243 2244 Scoti.
259 2215 304 2226 --
319 2179 429 2241 Aliter
447 2189 553 2260 potest
571 2179 633 2241 dici
649 2179 840 2241 sustinendo
863 2178 1107 2260 responsionem

137 2288 254 2350 datam
276 2286 308 2348 in
324 2285 483 2368 principio
506 2285 704 2368 quaestiouis,
721 2294 754 2347 et
769 2294 848 2347 tunc
864 2285 1000 2348 instatur
1017 2285 1107 2367 quod

135 2413 219 2456 cunr
242 2392 358 2474 aliquis
381 2401 490 2474 potest
512 2413 581 2455 esse
614 2393 730 2455 beatus
752 2392 785 2454 in
809 2391 870 2467 via,
895 2392 971 2473 quia
994 2412 1105 2454 secun-

137 2501 224 2562 dum
249 2498 480 2580 perfectionem
505 2498 634 2562 habitus
657 2507 765 2580 potest
788 2497 857 2560 elici
873 2507 982 2574 actus;
1000 2498 1104 2560 dicen-

56 2591 62 2600 ’
136 2608 224 2670 dum
259 2605 349 2687 quod
380 2626 447 2668 non
471 2606 626 2689 sequitur,
650 2605 727 2687 quia
750 2605 792 2666 ad
816 2603 879 2666 hoc
902 2615 939 2668 ut
962 2605 1104 2666 eliciatur

135 2723 235 2778 actus
258 2710 426 2775 beatificus
449 2733 514 2774 non
538 2713 645 2776 solum
669 2711 841 2792 requiritur
876 2710 1014 2773 charitas
1048 2712 1105 2773 sed

135 2820 242 2884 etiam
266 2819 438 2900 praesentia
464 2819 582 2900 objecti
618 2817 756 2881 beatifici
781 2818 812 2879 in
837 2817 959 2880 lumine
983 2817 1105 2900 gloriae,
1146 2851 1154 2857 ·

135 2947 220 3010 quae
244 2926 416 3008 prasentia
451 2947 516 2988 non
552 2934 660 3008 potest
695 2923 804 2988 haberi
828 2924 860 2987 in
883 2923 936 2986 via
959 2925 1000 2986 de
1038 2925 1109 3007 lege

136 3032 323 3098 communi.

210 3139 270 3202 Ad
288 3139 465 3202 secundum
489 3139 666 3202 dicendum
690 3138 780 3221 quod
804 3138 953 3221 quamvis
977 3138 1108 3201 latentia

135 3248 185 3312 sit
208 3245 354 3310 formalis
378 3246 460 3309 ratio
472 3245 504 3308 in
528 3246 659 3326 objecto
682 3243 756 3308 fidei
780 3246 830 3307 vel
844 3245 921 3327 spei,
935 3255 1044 3307 tamen
1056 3266 1111 3308 ac·

131 3365 194 3420 tus
217 3352 292 3428 fidei
316 3362 365 3416 est
389 3339 444 3434 per
469 3373 502 3416 se
526 3353 597 3416 talis
621 3353 711 3434 quod
736 3353 913 3414 necessario
943 3352 1107 3414 concomi-

132 3469 229 3526 tatur
254 3481 330 3522 eum
356 3459 557 3541 imperfectio
580 3480 623 3522 ex
648 3459 916 3521 determinatione
947 3459 996 3520 sui
1021 3457 1110 3520 habi·

133 3579 213 3644 tus;
244 3567 319 3629 ideo
343 3565 423 3629 fides
447 3565 578 3628 inclinat
613 3565 656 3628 ad
680 3566 777 3627 talem
802 3575 912 3628 actum
936 3566 968 3627 in
992 3565 1044 3626 via
1067 3566 1109 3626 ad

131 3695 242 3760 quem
267 3693 333 3736 non
351 3682 458 3756 potest
481 3674 634 3736 inclinare
647 3673 678 3734 in
704 3672 815 3754 patria,
833 3673 971 3735 charitas
994 3681 1106 3734 autem

1002 3800 1030 3842 u
