2600 4200
179 272 367 337 Dtsnncn.
393 274 492 337 XXX
515 282 549 337 et
572 272 688 337 XXXI
712 271 858 355 Quasi.
883 273 913 337 11
985 290 1053 361 ²07

112 476 271 557 objectum
296 500 448 561 praesens
471 488 505 542 et
527 499 593 541 non
618 478 741 555 latens;
765 499 845 561 ergo
872 478 990 542 frustra
1013 500 1073 562 po·

116 592 234 647 neretur
258 585 302 647 ibi
326 585 407 648 fides
431 606 486 648 seu
511 584 642 648 habitus
665 584 749 647 fidei.

180 798 406 883 Ouantacm
445 798 511 865 ad
541 799 785 864 secunaum
821 798 1073 864 Articulum

11 906 12 911 ’
114 914 184 966 sunt
205 905 272 967 duo
305 905 397 968 modi
420 904 558 968 dicendi.
588 905 679 969 Unus
701 906 792 987 quod
816 904 847 967 in
871 925 929 987 spe
951 915 999 967 est
1024 925 1073 967 re-

115 1010 209 1090 perire
230 1012 309 1085 du0,
336 1010 455 1074 scilicet
477 1012 599 1093 aliquid
622 1010 874 1092 imperfectionis
896 1021 929 1074 et
950 1011 1072 1093 aliquid

10 1170 12 1207 ,
114 1116 311 1198 perfectionis
336 1118 402 1181 sive
433 1119 676 1200 complementi.
701 1118 760 1181 Ad
795 1118 1073 1200 imperfectionem

112 1224 193 1285 enim
217 1226 285 1307 spei
309 1234 437 1307 spectat
459 1226 548 1308 quod
565 1234 613 1287 est
636 1226 822 1306 expectatio
845 1226 998 1307 quaedam
1023 1244 1073 1287 eo

115 1350 182 1392 rum
197 1352 273 1415 quae
298 1353 366 1394 non
392 1332 562 1395 habentur.
580 1331 638 1394 Ad
659 1332 938 1418 complementum
962 1340 1073 1394 autem

111 1437 177 1517 ejus
199 1448 325 1519 spectat
349 1438 546 1501 confidentia
568 1446 601 1501 et
623 1438 785 1501 certitudo
808 1459 883 1520 quae
908 1437 983 1499 facit
1014 1458 1075 1501 nos

113 1543 198 1606 inniti
221 1566 365 1609 summae
389 1546 535 1608 bonitati.
562 1544 733 1626 Quantum
757 1544 799 1607 ad
823 1545 976 1627 primum,
1001 1565 1075 1627 spes

112 1652 246 1714 totaliter
270 1653 405 1715 tollitur.
424 1652 595 1735 Quantum
612 1654 654 1714 ad
670 1650 851 1714 secundum
868 1672 935 1714 non
951 1651 1073 1714 tollitur

113 1760 166 1821 sed
189 1758 364 1840 perficitur.

174 1866 273 1928 Alius
296 1875 344 1928 est
370 1866 483 1929 modus
507 1866 634 1929 dicendi
668 1866 760 1947 quod
795 1886 869 1946 spes
903 1864 936 1926 in
970 1863 1074 1946 patria

111 1970 294 2053 simpliciter
318 1972 450 2046 tollitur,
467 1972 544 2054 quia
567 1973 597 2036 in
614 1972 718 2054 patria
742 1973 849 2034 nullus
872 1972 1005 2053 ponitur
1021 1970 1075 2034 ha-

113 2076 194 2141 bitus
216 2077 359 2156 frustra;
383 2080 440 2142 sed
463 2080 488 2142 si
512 2100 586 2162 spes
613 2089 759 2142 maneret
782 2080 814 2142 in
839 2078 943 2161 patria
977 2098 1075 2161 pone

113 2194 194 2248 retur
217 2187 261 2248 ibi
286 2186 425 2264 frustra3
449 2207 538 2269 ergo.
563 2187 681 2249 Minor
703 2175 868 2267 probatur,
894 2185 970 2266 quia
1001 2205 1074 2266 spes

113 2288 238 2355 inclinat
263 2294 313 2356 vel
338 2293 423 2356 elicit
445 2303 556 2356 actum
584 2294 734 2375 sperandi
758 2292 842 2354 circa
876 2292 1002 2354 bonum
1026 2311 1073 2352 ar-

113 2398 210 2461 duum
236 2400 364 2473 absone,
381 2400 458 2481 quia
481 2408 518 2461 ut
540 2400 585 2462 ait
600 2399 784 2481 Apostolus
803 2399 851 2460 ad
860 2399 1024 2460 Romanos
1038 2397 1073 2460 8.

111 2525 181 2586 spes
203 2517 253 2570 est
279 2527 394 2569 eorum
418 2527 493 2588 quae
519 2526 584 2568 non
607 2506 777 2580 videntur;
801 2506 857 2567 sed
882 2505 924 2566 ibi
948 2504 1073 2566 bonum

113 2631 175 2675 non
197 2623 248 2676 est
271 2613 388 2676 absens
411 2614 515 2675 immo
539 2633 681 2694 praesens
695 2622 729 2674 et
751 2612 879 2674 videtur
899 2611 931 2672 in
955 2611 1073 2692 patria;

111 2715 188 2801 ergo
211 2718 330 2782 frustra
354 2741 428 2802 spes
450 2719 494 2781 ibi
518 2729 701 2801 poneretur.

182 2931 410 3018 Quantum
435 2933 499 3000 acl
517 2933 769 2998 Articulum
794 2933 972 2997 tertium
997 2930 1076 2993 scili·

112 3048 161 3100 cet
183 3040 208 3102 si
233 3040 375 3103 charitas
402 3049 587 3113 evacuatur,
612 3049 702 3121 patet
736 3061 793 3122 per
817 3039 1019 3120 Apostolum
1044 3056 1073 3104 Ι.

117 3142 263 3208 Corinth.
288 3164 339 3226 13.
364 3146 453 3227 quod
478 3167 553 3218 non,
575 3146 653 3226 quia
675 3146 707 3208 in
731 3145 794 3208 hoc
817 3147 960 3226 assignat
984 3145 1076 3225 Apo-

110 3252 211 3315 stolus
235 3253 448 3315 differentiam
473 3251 636 3315 charitatis
659 3253 702 3314 ad
718 3253 779 3314 alia
802 3253 898 3314 dona.
917 3251 1074 3322 Charitas,

111 3357 224 3440 inquit,
251 3379 420 3442 nunquam
444 3357 574 3433 excidit,
591 3369 624 3420 et
647 3360 692 3421 sic
716 3380 781 3420 non
805 3368 989 3431 evacuatur,
1014 3357 1076 3420 alia

111 3474 221 3529 autern
247 3467 334 3529 dona
368 3476 577 3540 evacuantur,
602 3466 690 3528 unde
724 3465 801 3527 dicit
835 3465 973 3526 ibidem:
1009 3464 1077 3526 sive

112 3572 293 3654 prophetiae
317 3573 572 3646 evacuabuntur,
589 3573 656 3634 sive
673 3572 793 3653 linguae
810 3572 990 3642 cessabunt,
1009 3570 1077 3632 sive

108 3677 244 3742 scientia
267 3681 469 3760 destruetur3
493 3699 582 3762 ergo.
609 3679 652 3740 Et
677 3678 888 3758 persuadetur
915 3676 1078 3757 aquibus·
