2600 4200
238 248 278 328 56
467 245 541 307 Lrn.
567 243 611 305 111
637 243 930 306 Ssu'mnrrxnuu

209 463 290 526 totu,
315 452 378 514 hoc
395 472 453 534 pro
477 459 570 514 tanto
593 459 642 512 est
664 449 741 531 quia
764 470 838 530 pars
861 448 1053 513 informatur
1073 471 1093 512 a
1117 470 1173 511 na-

209 570 282 623 tura
305 560 415 632 totius,
439 559 528 640 quod
553 557 584 618 in
598 555 767 638 proposito
778 555 840 617 dici
865 577 930 618 non
955 566 1071 638 potest,
1095 555 1174 638 quia

209 674 326 728 natura
350 665 493 727 humana
522 683 588 725 non
612 661 807 724 informatur
830 664 1035 745 asupposito
1052 663 1172 724 divino

276 771 335 834 Ad
354 771 452 833 aliud
472 771 512 831 de
536 770 702 830 accidente
726 777 861 850 negetur
885 769 1000 851 neojur.
1024 769 1082 831 Ad
1097 778 1173 849 pro·

211 877 368 942 bationem
392 877 467 940 dico
489 877 579 959 quod
615 895 680 937 non
715 875 872 956 allegatur
895 876 1070 938 auctoritas
1099 874 1176 937 Phi·

212 982 340 1066 losophi
364 983 448 1046 sicut
468 983 563 1064 jacet,
587 961 664 1063 quia
695 981 912 1062 Philosophus
935 981 1012 1044 dicit
1035 982 1097 1043 sic:
1121 1001 1176 1042 ac-

213 1091 352 1154 cidentia
376 1111 441 1152 non
465 1099 541 1152 sunt
564 1089 649 1150 entia
675 1088 732 1149 nisi
757 1087 788 1149 in
813 1108 852 1150 eo
876 1089 966 1171 quod
989 1089 1096 1150 taliter
1118 1075 1203 1149 ens

211 1199 260 1272 tis,
284 1206 317 1260 et
341 1206 419 1259 tunc
444 1197 517 1258 dico
541 1195 630 1277 quod
656 1195 689 1274 ly
712 1216 746 1256 co
770 1204 876 1276 potest
900 1195 970 1276 capi
1006 1194 1178 1256 causaliter
1287 1238 1288 1241 ,

210 1313 242 1367 et
254 1304 408 1377 effective,
422 1303 471 1364 vel
486 1301 661 1366 formaliter
673 1311 706 1364 et
717 1301 892 1363 entitative.
904 1302 937 1365 Si
947 1301 1052 1382 primo
1063 1301 1177 1374 m0d0‚
1287 1384 1288 1387 Ἴ

210 1411 355 1474 concedo
378 1409 467 1492 quod
491 1409 640 1471 accidens
663 1417 712 1469 est
724 1427 781 1469 ens
792 1428 831 1470 eo
845 1409 934 1488 quod
957 1407 1061 1470 taliter
1077 1407 1175 1476 entis,

211 1518 292 1579 idest
316 1517 406 1600 quod
441 1524 591 1578 causatur
616 1515 657 1576 ab
681 1524 755 1576 ente
778 1515 855 1595 quia
885 1515 985 1576 oritur
1019 1534 1062 1574 ex
1092 1513 1180 1594 prin·

212 1623 303 1704 cipiis
326 1623 472 1703 subjecti.
491 1621 524 1686 Si
549 1621 693 1682 secundo
705 1621 815 1694 m0d0‚
840 1619 1180 1701 dicoquod'aceidens

213 1729 311 1792 habet
334 1729 503 1792 entitatem
528 1737 645 1809 praeter
669 1727 837 1788 entitatem
861 1725 1007 1808 subjecti.

276 1835 335 1897 Ad
354 1845 508 1916 quartum
533 1835 573 1895 de
597 1843 732 1914 quanm,
756 1833 830 1894 dico
854 1833 944 1914 quod
968 1852 1033 1895 non
1064 1841 1114 1894 est
1138 1832 1179 1894 si-

213 1942 296 2015 mile,
322 1942 388 2002 imo
412 1950 460 2003 est
483 1941 524 2002 ad
542 1940 748 2021 oppositum,
766 1940 840 2002 ideo
852 1939 939 2001 enirn
954 1959 993 2001 ea
1008 1960 1083 2020 quae
1097 1947 1178 2000 sunt

211 2048 243 2110 in
260 2047 407 2129 subjecto
431 2055 506 2109 sunt
519 2055 641 2129 quanta
666 2066 722 2128 per
735 2065 834 2108 unam
858 2046 1085 2129 quantitatem,
1099 2045 1182 2127 quia

210 2155 341 2238 ponitur
366 2154 407 2215 ibi
433 2154 689 2236 unaquantitas;
714 2154 771 2215 sed
794 2153 819 2215 si
833 2162 1029 2235 ponerentur
1054 2153 1086 2214 in
1099 2154 1178 2215 sub·
1289 2177 1290 2180 ¹

208 2262 295 2342 jecto
309 2262 415 2342 plures
438 2259 643 2343 quantitates,
657 2281 723 2322 non
736 2269 842 2323 essent
854 2270 978 2342 quanta
1001 2280 1058 2341 per
1071 2280 1179 2321 unam
1289 2327 1290 2332 γ

210 2367 440 2449 quantitatem3
464 2368 509 2429 sic
521 2377 569 2429 est
581 2367 612 2428 in
626 2367 803 2447 proposito,
817 2368 894 2449 quia
907 2367 938 2427 in
952 2364 1081 2429 Christo
1094 2378 1176 2429 sunt

211 2474 318 2554 plures
342 2483 466 2535 naturae
490 2474 564 2535 ideo
588 2473 681 2554 plura
703 2494 781 2535 esse.

277 2579 335 2640 Ad
354 2578 443 2642 alias
465 2580 548 2641 {luas
586 2579 728 2641 rationes
767 2600 843 2661 quae
878 2578 1001 2641 habent
1035 2579 1182 2641 eandem

210 2683 287 2759 vim,
312 2684 386 2747 dico
409 2686 499 2767 quod
524 2706 589 2747 non
624 2696 672 2747 est
710 2685 813 2748 simile
836 2687 877 2748 de
907 2685 1114 2748 subsistentia
1147 2698 1184 2749 et

211 2791 391 2866 existentia,
407 2792 482 2872 quia
506 2791 713 2854 subsistentia
737 2791 891 2853 humanae
904 2800 1029 2854 naturae
1049 2792 1184 2872 supple·

211 2906 263 2958 tur
287 2917 344 2978 per
367 2898 606 2960 subsistentiam
630 2898 856 2972 extrinsecam,
881 2918 938 2979 per
965 2897 1181 2979 suppositum

211 3002 358 3065 divinum
378 3004 511 3085 quando
535 3016 582 3066 est
599 3004 820 3086 independens
827 3027 834 3082 ;
852 3005 908 3066 sed
924 3004 1096 3066 existentia
1117 3003 1185 3067 hu-

212 3128 318 3171 manae
343 3119 467 3171 naturae
481 3110 523 3171 ibi
541 3129 606 3172 non
623 3112 802 3193 suppletur,
818 3112 873 3173 sed
890 3111 1184 3192 quemadmodum

212 3214 254 3275 ibi
279 3214 409 3295 ponitur
432 3215 607 3279 formaliter
625 3228 741 3279 natura
765 3215 920 3291 humana,
933 3218 977 3278 ita
997 3217 1040 3278 ibi
1052 3214 1182 3281 forma-

213 3320 282 3381 liter
305 3319 374 3401 ejus
391 3322 571 3384 existentia.

278 3533 338 3595 Ao
374 3548 516 3597 rrunun
546 3549 762 3599 PRINCIPALE
794 3557 870 3598 cum
902 3536 1038 3599 dicitur:
1078 3536 1105 3599 si
1150 3540 1187 3602 in

213 3638 342 3703 Christo
365 3649 441 3703 sunt
457 3640 549 3721 plura
573 3662 650 3716 esse,
674 3663 754 3724 ergo
766 3652 841 3704 sunt
866 3644 959 3724 plura
974 3642 1070 3716 entia,
1090 3665 1187 3729 nego
