<?xml version="1.0" encoding="UTF-8"?>
<!DOCTYPE html PUBLIC "-//W3C//DTD XHTML 1.0 Transitional//EN"
    "http://www.w3.org/TR/xhtml1/DTD/xhtml1-transitional.dtd">
<html xmlns="http://www.w3.org/1999/xhtml" xml:lang="en" lang="en">
 <head>
  <title>
</title>
<meta http-equiv="Content-Type" content="text/html;charset=utf-8" />
  <meta name='ocr-system' content='tesseract 3.04.00' />
  <meta name='ocr-capabilities' content='ocr_page ocr_carea ocr_par ocr_line ocrx_word'/>
</head>
<body>
  <div class='ocr_page' id='page_1' title='image "./commentariainli02scotgoog_0449.png"; bbox 0 0 2600 4200; ppageno 0'>
   <div class='ocr_carea' id='block_1_1' title="bbox 347 219 1070 300">
    <p class='ocr_par' dir='ltr' id='par_1_1' title="bbox 347 219 1070 300">
     <span class='ocr_line' id='line_1_1' title="bbox 347 219 1070 300; baseline 0.001 -19"><span class='ocrx_word' id='word_1_1' title='bbox 347 221 538 286; x_wconf 78' lang='lat' dir='ltr'>Drsurucr.</span> <span class='ocrx_word' id='word_1_2' title='bbox 565 219 656 281; x_wconf 84' lang='lat' dir='ltr'>XIII</span> <span class='ocrx_word' id='word_1_3' title='bbox 681 219 875 300; x_wconf 63' lang='lat' dir='ltr'>Quasnl</span> <span class='ocrx_word' id='word_1_4' title='bbox 1017 240 1070 298; x_wconf 85' lang='lat'>171</span> 
     </span>
    </p>
   </div>
   <div class='ocr_carea' id='block_1_2' title="bbox 136 449 1102 3623">
    <p class='ocr_par' dir='ltr' id='par_1_2' title="bbox 136 449 1099 1385">
     <span class='ocr_line' id='line_1_2' title="bbox 230 449 1099 530; baseline -0.006 -15"><span class='ocrx_word' id='word_1_5' title='bbox 230 453 291 515; x_wconf 77' lang='lat' dir='ltr'>De</span> <span class='ocrx_word' id='word_1_6' title='bbox 308 451 452 530; x_wconf 67' lang='lat' dir='ltr'>primo</span> <span class='ocrx_word' id='word_1_7' title='bbox 477 452 613 512; x_wconf 87' lang='lat' dir='ltr'>videtur</span> <span class='ocrx_word' id='word_1_8' title='bbox 635 449 854 512; x_wconf 79' lang='lat' dir='ltr'>manifestum</span> <span class='ocrx_word' id='word_1_9' title='bbox 872 451 964 529; x_wconf 92' lang='lat' dir='ltr'>quod</span> <span class='ocrx_word' id='word_1_10' title='bbox 980 452 1029 512; x_wconf 90' lang='lat' dir='ltr'>sic</span> <span class='ocrx_word' id='word_1_11' title='bbox 1053 452 1099 511; x_wconf 81' lang='lat' dir='ltr'>lo</span> 
     </span>
     <span class='ocr_line' id='line_1_3' title="bbox 136 557 1099 640; baseline -0.003 -19"><span class='ocrx_word' id='word_1_12' title='bbox 136 560 274 640; x_wconf 90' lang='lat' dir='ltr'>quendo</span> <span class='ocrx_word' id='word_1_13' title='bbox 290 561 516 620; x_wconf 89' lang='lat' dir='ltr'>communiter</span> <span class='ocrx_word' id='word_1_14' title='bbox 531 558 573 619; x_wconf 92' lang='lat' dir='ltr'>de</span> <span class='ocrx_word' id='word_1_15' title='bbox 597 560 741 627; x_wconf 88' lang='lat' dir='ltr'>actione,</span> <span class='ocrx_word' id='word_1_16' title='bbox 759 559 847 618; x_wconf 90' lang='lat' dir='ltr'>sicut</span> <span class='ocrx_word' id='word_1_17' title='bbox 863 557 959 618; x_wconf 90' lang='lat' dir='ltr'>Deus</span> <span class='ocrx_word' id='word_1_18' title='bbox 975 559 1099 618; x_wconf 92' lang='lat' dir='ltr'>dicitur</span> 
     </span>
     <span class='ocr_line' id='line_1_4' title="bbox 136 665 1097 744; baseline -0.004 -16"><span class='ocrx_word' id='word_1_19' title='bbox 136 667 263 728; x_wconf 89' lang='lat' dir='ltr'>habere</span> <span class='ocrx_word' id='word_1_20' title='bbox 286 668 453 727; x_wconf 84' lang='lat' dir='ltr'>actionem</span> <span class='ocrx_word' id='word_1_21' title='bbox 479 666 569 726; x_wconf 91' lang='lat' dir='ltr'>circa</span> <span class='ocrx_word' id='word_1_22' title='bbox 592 674 775 732; x_wconf 87' lang='lat' dir='ltr'>creaturas,</span> <span class='ocrx_word' id='word_1_23' title='bbox 801 665 937 744; x_wconf 88' lang='lat' dir='ltr'>quando</span> <span class='ocrx_word' id='word_1_24' title='bbox 969 665 1097 744; x_wconf 90' lang='lat' dir='ltr'>aliquid</span> 
     </span>
     <span class='ocr_line' id='line_1_5' title="bbox 137 769 1099 850; baseline -0.003 -15"><span class='ocrx_word' id='word_1_25' title='bbox 137 793 265 836; x_wconf 87' lang='lat' dir='ltr'>novum</span> <span class='ocrx_word' id='word_1_26' title='bbox 291 773 486 834; x_wconf 83' lang='lat' dir='ltr'><strong>immediate</strong></span> <span class='ocrx_word' id='word_1_27' title='bbox 510 769 591 832; x_wconf 88' lang='lat' dir='ltr'>iacit</span> <span class='ocrx_word' id='word_1_28' title='bbox 614 773 648 832; x_wconf 91' lang='lat' dir='ltr'>in</span> <span class='ocrx_word' id='word_1_29' title='bbox 674 773 734 840; x_wconf 79' lang='lat' dir='ltr'>eiS,</span> <span class='ocrx_word' id='word_1_30' title='bbox 759 773 823 832; x_wconf 87' lang='lat' dir='ltr'>nisi</span> <span class='ocrx_word' id='word_1_31' title='bbox 850 772 943 850; x_wconf 86' lang='lat' dir='ltr'>quod</span> <span class='ocrx_word' id='word_1_32' title='bbox 955 791 1021 832; x_wconf 91' lang='lat' dir='ltr'>non</span> <span class='ocrx_word' id='word_1_33' title='bbox 1046 782 1099 832; x_wconf 89' lang='lat' dir='ltr'>est</span> 
     </span>
     <span class='ocr_line' id='line_1_6' title="bbox 137 878 1099 960; baseline -0.003 -19"><span class='ocrx_word' id='word_1_34' title='bbox 137 900 237 960; x_wconf 86' lang='lat' dir='ltr'>aeque</span> <span class='ocrx_word' id='word_1_35' title='bbox 261 878 360 940; x_wconf 85' lang='lat' dir='ltr'>facile</span> <span class='ocrx_word' id='word_1_36' title='bbox 384 879 500 940; x_wconf 90' lang='lat' dir='ltr'>videre</span> <span class='ocrx_word' id='word_1_37' title='bbox 525 879 697 958; x_wconf 92' lang='lat' dir='ltr'>quomodo</span> <span class='ocrx_word' id='word_1_38' title='bbox 724 887 777 939; x_wconf 89' lang='lat' dir='ltr'>est</span> <span class='ocrx_word' id='word_1_39' title='bbox 799 879 874 938; x_wconf 85' lang='lat' dir='ltr'>haec</span> <span class='ocrx_word' id='word_1_40' title='bbox 898 880 987 939; x_wconf 82' lang='lat' dir='ltr'>actio</span> <span class='ocrx_word' id='word_1_41' title='bbox 1010 880 1099 958; x_wconf 90' lang='lat' dir='ltr'>posi-</span> 
     </span>
     <span class='ocr_line' id='line_1_7' title="bbox 137 984 1098 1064; baseline -0.003 -17"><span class='ocrx_word' id='word_1_42' title='bbox 137 989 219 1057; x_wconf 86' lang='lat' dir='ltr'>tiva,</span> <span class='ocrx_word' id='word_1_43' title='bbox 245 987 334 1049; x_wconf 91' lang='lat' dir='ltr'>sicut</span> <span class='ocrx_word' id='word_1_44' title='bbox 357 988 391 1047; x_wconf 92' lang='lat' dir='ltr'>in</span> <span class='ocrx_word' id='word_1_45' title='bbox 416 987 597 1054; x_wconf 84' lang='lat' dir='ltr'>creatione,</span> <span class='ocrx_word' id='word_1_46' title='bbox 622 1005 686 1064; x_wconf 92' lang='lat' dir='ltr'>pro</span> <span class='ocrx_word' id='word_1_47' title='bbox 709 1005 750 1046; x_wconf 89' lang='lat' dir='ltr'>eo</span> <span class='ocrx_word' id='word_1_48' title='bbox 774 985 866 1064; x_wconf 91' lang='lat' dir='ltr'>quod</span> <span class='ocrx_word' id='word_1_49' title='bbox 891 1004 958 1046; x_wconf 91' lang='lat' dir='ltr'>non</span> <span class='ocrx_word' id='word_1_50' title='bbox 975 995 1027 1046; x_wconf 88' lang='lat' dir='ltr'>est</span> <span class='ocrx_word' id='word_1_51' title='bbox 1043 984 1098 1045; x_wconf 91' lang='lat' dir='ltr'>hic</span> 
     </span>
     <span class='ocr_line' id='line_1_8' title="bbox 137 1092 1099 1174; baseline -0.003 -19"><span class='ocrx_word' id='word_1_52' title='bbox 137 1094 268 1174; x_wconf 90' lang='lat' dir='ltr'>aliquid</span> <span class='ocrx_word' id='word_1_53' title='bbox 294 1095 481 1173; x_wconf 88' lang='lat' dir='ltr'>positivum</span> <span class='ocrx_word' id='word_1_54' title='bbox 499 1092 693 1153; x_wconf 90' lang='lat' dir='ltr'>absolutum</span> <span class='ocrx_word' id='word_1_55' title='bbox 711 1093 882 1171; x_wconf 90' lang='lat' dir='ltr'>accipie-ns</span> <span class='ocrx_word' id='word_1_56' title='bbox 898 1092 1099 1172; x_wconf 90' lang='lat' dir='ltr'>simpliciter</span> 
     </span>
     <span class='ocr_line' id='line_1_9' title="bbox 136 1199 1099 1280; baseline -0.003 -19"><span class='ocrx_word' id='word_1_57' title='bbox 136 1200 371 1262; x_wconf 56' lang='lat' dir='ltr'>esse..Dicitur</span> <span class='ocrx_word' id='word_1_58' title='bbox 395 1201 503 1280; x_wconf 88' lang='lat' dir='ltr'>igitur</span> <span class='ocrx_word' id='word_1_59' title='bbox 539 1199 630 1278; x_wconf 90' lang='lat' dir='ltr'>quod</span> <span class='ocrx_word' id='word_1_60' title='bbox 666 1200 784 1260; x_wconf 88' lang='lat' dir='ltr'>divina</span> <span class='ocrx_word' id='word_1_61' title='bbox 818 1200 951 1259; x_wconf 89' lang='lat' dir='ltr'>actione</span> <span class='ocrx_word' id='word_1_62' title='bbox 985 1208 1099 1278; x_wconf 84' lang='lat' dir='ltr'>potest</span> 
     </span>
     <span class='ocr_line' id='line_1_10' title="bbox 138 1305 888 1385; baseline -0.003 -16"><span class='ocrx_word' id='word_1_63' title='bbox 138 1308 396 1370; x_wconf 80' lang='lat' dir='ltr'>Sacramentum</span> <span class='ocrx_word' id='word_1_64' title='bbox 422 1305 656 1367; x_wconf 80' lang='lat' dir='ltr'>Eucharistiae=</span> <span class='ocrx_word' id='word_1_65' title='bbox 675 1305 769 1376; x_wconf 91' lang='lat' dir='ltr'>fieri;</span> <span class='ocrx_word' id='word_1_66' title='bbox 795 1306 888 1385; x_wconf 91' lang='lat' dir='ltr'>quod</span> 
     </span>
    </p>

    <p class='ocr_par' dir='ltr' id='par_1_3' title="bbox 137 1411 1102 2240">
     <span class='ocr_line' id='line_1_11' title="bbox 229 1411 1102 1492; baseline 0.001 -20"><span class='ocrx_word' id='word_1_67' title='bbox 229 1413 386 1473; x_wconf 79' lang='lat' dir='ltr'>Probatur</span> <span class='ocrx_word' id='word_1_68' title='bbox 402 1414 580 1492; x_wconf 88' lang='lat' dir='ltr'>aquodam</span> <span class='ocrx_word' id='word_1_69' title='bbox 598 1413 748 1473; x_wconf 89' lang='lat' dir='ltr'>Doctore</span> <span class='ocrx_word' id='word_1_70' title='bbox 771 1414 835 1472; x_wconf 90' lang='lat' dir='ltr'>sic:</span> <span class='ocrx_word' id='word_1_71' title='bbox 860 1411 939 1473; x_wconf 90' lang='lat' dir='ltr'>Non</span> <span class='ocrx_word' id='word_1_72' title='bbox 956 1415 1102 1474; x_wconf 83' lang='lat' dir='ltr'>minoris·</span> 
     </span>
     <span class='ocr_line' id='line_1_12' title="bbox 138 1518 1098 1598; baseline 0 -18"><span class='ocrx_word' id='word_1_73' title='bbox 138 1521 277 1580; x_wconf 88' lang='lat' dir='ltr'>virtutis</span> <span class='ocrx_word' id='word_1_74' title='bbox 311 1529 363 1579; x_wconf 90' lang='lat' dir='ltr'>est</span> <span class='ocrx_word' id='word_1_75' title='bbox 397 1529 596 1579; x_wconf 89' lang='lat' dir='ltr'>convertere</span> <span class='ocrx_word' id='word_1_76' title='bbox 632 1518 762 1598; x_wconf 89' lang='lat' dir='ltr'>aliquid</span> <span class='ocrx_word' id='word_1_77' title='bbox 797 1520 831 1578; x_wconf 93' lang='lat' dir='ltr'>in</span> <span class='ocrx_word' id='word_1_78' title='bbox 870 1521 1098 1597; x_wconf 84' lang='lat' dir='ltr'>praeexistens</span> 
     </span>
     <span class='ocr_line' id='line_1_13' title="bbox 137 1624 1098 1707; baseline -0.003 -19"><span class='ocrx_word' id='word_1_79' title='bbox 137 1645 240 1707; x_wconf 88' lang='lat' dir='ltr'>quarn</span> <span class='ocrx_word' id='word_1_80' title='bbox 265 1627 299 1686; x_wconf 92' lang='lat' dir='ltr'>in</span> <span class='ocrx_word' id='word_1_81' title='bbox 324 1645 392 1686; x_wconf 90' lang='lat' dir='ltr'>non</span> <span class='ocrx_word' id='word_1_82' title='bbox 417 1626 665 1705; x_wconf 82' lang='lat' dir='ltr'>praeexistens;</span> <span class='ocrx_word' id='word_1_83' title='bbox 692 1624 751 1685; x_wconf 88' lang='lat' dir='ltr'>sed</span> <span class='ocrx_word' id='word_1_84' title='bbox 779 1626 807 1685; x_wconf 88' lang='lat' dir='ltr'>si</span> <span class='ocrx_word' id='word_1_85' title='bbox 843 1634 1098 1686; x_wconf 86' lang='lat' dir='ltr'>converteretur</span> 
     </span>
     <span class='ocr_line' id='line_1_14' title="bbox 137 1731 1098 1814; baseline -0.002 -20"><span class='ocrx_word' id='word_1_86' title='bbox 137 1735 237 1814; x_wconf 87' lang='lat' dir='ltr'>panis</span> <span class='ocrx_word' id='word_1_87' title='bbox 261 1753 282 1792; x_wconf 89' lang='lat' dir='ltr'>a</span> <span class='ocrx_word' id='word_1_88' title='bbox 305 1731 380 1792; x_wconf 92' lang='lat' dir='ltr'>Deo</span> <span class='ocrx_word' id='word_1_89' title='bbox 396 1735 430 1793; x_wconf 92' lang='lat' dir='ltr'>in</span> <span class='ocrx_word' id='word_1_90' title='bbox 449 1751 516 1792; x_wconf 88' lang='lat' dir='ltr'>non</span> <span class='ocrx_word' id='word_1_91' title='bbox 534 1733 771 1811; x_wconf 79' lang='lat' dir='ltr'>praeexistens,</span> <span class='ocrx_word' id='word_1_92' title='bbox 789 1742 881 1792; x_wconf 90' lang='lat' dir='ltr'>esset</span> <span class='ocrx_word' id='word_1_93' title='bbox 898 1732 1098 1810; x_wconf 90' lang='lat' dir='ltr'>simpliciter</span> 
     </span>
     <span class='ocr_line' id='line_1_15' title="bbox 137 1837 1099 1918; baseline -0.002 -18"><span class='ocrx_word' id='word_1_94' title='bbox 137 1841 183 1900; x_wconf 93' lang='lat' dir='ltr'>ibi</span> <span class='ocrx_word' id='word_1_95' title='bbox 210 1840 299 1900; x_wconf 85' lang='lat' dir='ltr'>actio</span> <span class='ocrx_word' id='word_1_96' title='bbox 322 1839 439 1899; x_wconf 86' lang='lat' dir='ltr'>divina</span> <span class='ocrx_word' id='word_1_97' title='bbox 463 1858 531 1918; x_wconf 88' lang='lat' dir='ltr'>qua</span> <span class='ocrx_word' id='word_1_98' title='bbox 554 1839 797 1918; x_wconf 86' lang='lat' dir='ltr'>produceretur</span> <span class='ocrx_word' id='word_1_99' title='bbox 821 1837 906 1898; x_wconf 91' lang='lat' dir='ltr'>illud</span> <span class='ocrx_word' id='word_1_100' title='bbox 930 1857 997 1899; x_wconf 93' lang='lat' dir='ltr'>non</span> <span class='ocrx_word' id='word_1_101' title='bbox 1013 1857 1099 1917; x_wconf 82' lang='lat' dir='ltr'>prae-</span> 
     </span>
     <span class='ocr_line' id='line_1_16' title="bbox 137 1944 1099 2025; baseline -0.002 -18"><span class='ocrx_word' id='word_1_102' title='bbox 137 1947 302 2015; x_wconf 85' lang='lat' dir='ltr'>existens,</span> <span class='ocrx_word' id='word_1_103' title='bbox 338 1947 419 2024; x_wconf 89' lang='lat' dir='ltr'>quia</span> <span class='ocrx_word' id='word_1_104' title='bbox 452 1945 594 2025; x_wconf 85' lang='lat' dir='ltr'>produci</span> <span class='ocrx_word' id='word_1_105' title='bbox 630 1964 699 2004; x_wconf 93' lang='lat' dir='ltr'>non</span> <span class='ocrx_word' id='word_1_106' title='bbox 734 1955 848 2025; x_wconf 88' lang='lat' dir='ltr'>potest</span> <span class='ocrx_word' id='word_1_107' title='bbox 883 1946 948 2006; x_wconf 92' lang='lat' dir='ltr'>nisi</span> <span class='ocrx_word' id='word_1_108' title='bbox 983 1944 1099 2025; x_wconf 88' lang='lat' dir='ltr'>aliqua</span> 
     </span>
     <span class='ocr_line' id='line_1_17' title="bbox 138 2052 1099 2133; baseline -0.002 -18"><span class='ocrx_word' id='word_1_109' title='bbox 138 2055 281 2122; x_wconf 87' lang='lat' dir='ltr'>actione,</span> <span class='ocrx_word' id='word_1_110' title='bbox 300 2072 367 2114; x_wconf 91' lang='lat' dir='ltr'>non</span> <span class='ocrx_word' id='word_1_111' title='bbox 384 2052 562 2123; x_wconf 85' lang='lat' dir='ltr'>relatione;</span> <span class='ocrx_word' id='word_1_112' title='bbox 589 2053 696 2133; x_wconf 88' lang='lat' dir='ltr'>igitur</span> <span class='ocrx_word' id='word_1_113' title='bbox 708 2061 789 2113; x_wconf 91' lang='lat' dir='ltr'>tunc</span> <span class='ocrx_word' id='word_1_114' title='bbox 800 2061 853 2112; x_wconf 90' lang='lat' dir='ltr'>est</span> <span class='ocrx_word' id='word_1_115' title='bbox 876 2053 965 2112; x_wconf 90' lang='lat' dir='ltr'>actio</span> <span class='ocrx_word' id='word_1_116' title='bbox 981 2052 1099 2113; x_wconf 88' lang='lat' dir='ltr'>divina</span> 
     </span>
     <span class='ocr_line' id='line_1_18' title="bbox 137 2158 766 2240; baseline -0.005 -19"><span class='ocrx_word' id='word_1_117' title='bbox 137 2181 206 2240; x_wconf 89' lang='lat' dir='ltr'>qua</span> <span class='ocrx_word' id='word_1_118' title='bbox 229 2169 448 2220; x_wconf 88' lang='lat' dir='ltr'>consecratur</span> <span class='ocrx_word' id='word_1_119' title='bbox 471 2158 605 2239; x_wconf 90' lang='lat' dir='ltr'>Corpus</span> <span class='ocrx_word' id='word_1_120' title='bbox 629 2158 766 2219; x_wconf 88' lang='lat' dir='ltr'>Christi.</span> 
     </span>
    </p>

    <p class='ocr_par' dir='ltr' id='par_1_4' title="bbox 137 2266 1099 2774">
     <span class='ocr_line' id='line_1_19' title="bbox 228 2266 1097 2336; baseline -0.003 -7"><span class='ocrx_word' id='word_1_121' title='bbox 228 2268 395 2333; x_wconf 79' lang='lat' dir='ltr'>Prceterea,</span> <span class='ocrx_word' id='word_1_122' title='bbox 424 2267 551 2326; x_wconf 84' lang='lat' dir='ltr'>creatio</span> <span class='ocrx_word' id='word_1_123' title='bbox 586 2277 638 2325; x_wconf 87' lang='lat' dir='ltr'>est</span> <span class='ocrx_word' id='word_1_124' title='bbox 674 2284 755 2325; x_wconf 83' lang='lat' dir='ltr'>vera</span> <span class='ocrx_word' id='word_1_125' title='bbox 789 2266 898 2336; x_wconf 88' lang='lat' dir='ltr'>actio;</span> <span class='ocrx_word' id='word_1_126' title='bbox 935 2266 995 2326; x_wconf 91' lang='lat' dir='ltr'>sed</span> <span class='ocrx_word' id='word_1_127' title='bbox 1030 2285 1097 2327; x_wconf 89' lang='lat' dir='ltr'>non</span> 
     </span>
     <span class='ocr_line' id='line_1_20' title="bbox 138 2374 1098 2453; baseline -0.004 -18"><span class='ocrx_word' id='word_1_128' title='bbox 138 2377 253 2435; x_wconf 88' lang='lat' dir='ltr'>minus</span> <span class='ocrx_word' id='word_1_129' title='bbox 277 2382 391 2453; x_wconf 90' lang='lat' dir='ltr'>potest</span> <span class='ocrx_word' id='word_1_130' title='bbox 415 2374 582 2433; x_wconf 90' lang='lat' dir='ltr'>terminus</span> <span class='ocrx_word' id='word_1_131' title='bbox 611 2374 711 2432; x_wconf 88' lang='lat' dir='ltr'>istius</span> <span class='ocrx_word' id='word_1_132' title='bbox 745 2374 982 2433; x_wconf 84' lang='lat' dir='ltr'>conversionis</span> <span class='ocrx_word' id='word_1_133' title='bbox 1016 2374 1098 2432; x_wconf 87' lang='lat' dir='ltr'>acci-</span> 
     </span>
     <span class='ocr_line' id='line_1_21' title="bbox 137 2479 1099 2561; baseline -0.002 -20"><span class='ocrx_word' id='word_1_134' title='bbox 137 2500 218 2561; x_wconf 91' lang='lat' dir='ltr'>pere</span> <span class='ocrx_word' id='word_1_135' title='bbox 242 2500 318 2541; x_wconf 91' lang='lat' dir='ltr'>esse</span> <span class='ocrx_word' id='word_1_136' title='bbox 342 2498 444 2558; x_wconf 90' lang='lat' dir='ltr'>quam</span> <span class='ocrx_word' id='word_1_137' title='bbox 470 2480 637 2539; x_wconf 90' lang='lat' dir='ltr'>terminus</span> <span class='ocrx_word' id='word_1_138' title='bbox 653 2480 845 2547; x_wconf 86' lang='lat' dir='ltr'>creationis,</span> <span class='ocrx_word' id='word_1_139' title='bbox 871 2480 898 2539; x_wconf 90' lang='lat' dir='ltr'>si</span> <span class='ocrx_word' id='word_1_140' title='bbox 924 2479 999 2539; x_wconf 85' lang='lat' dir='ltr'>haec</span> <span class='ocrx_word' id='word_1_141' title='bbox 1022 2499 1099 2539; x_wconf 91' lang='lat' dir='ltr'>con·</span> 
     </span>
     <span class='ocr_line' id='line_1_22' title="bbox 138 2585 1098 2665; baseline -0.003 -17"><span class='ocrx_word' id='word_1_142' title='bbox 138 2590 252 2648; x_wconf 88' lang='lat' dir='ltr'>versio</span> <span class='ocrx_word' id='word_1_143' title='bbox 275 2586 371 2647; x_wconf 89' lang='lat' dir='ltr'>fieret</span> <span class='ocrx_word' id='word_1_144' title='bbox 395 2587 429 2646; x_wconf 93' lang='lat' dir='ltr'>in</span> <span class='ocrx_word' id='word_1_145' title='bbox 455 2606 521 2646; x_wconf 93' lang='lat' dir='ltr'>non</span> <span class='ocrx_word' id='word_1_146' title='bbox 558 2587 796 2665; x_wconf 82' lang='lat' dir='ltr'>praeexistens‚</span> <span class='ocrx_word' id='word_1_147' title='bbox 821 2585 914 2665; x_wconf 90' lang='lat' dir='ltr'>quod</span> <span class='ocrx_word' id='word_1_148' title='bbox 948 2585 1098 2645; x_wconf 87' lang='lat' dir='ltr'>totaliter</span> 
     </span>
     <span class='ocr_line' id='line_1_23' title="bbox 138 2694 780 2774; baseline -0.006 -19"><span class='ocrx_word' id='word_1_149' title='bbox 138 2695 303 2774; x_wconf 89' lang='lat' dir='ltr'>inciperet</span> <span class='ocrx_word' id='word_1_150' title='bbox 327 2712 403 2753; x_wconf 89' lang='lat' dir='ltr'>esse</span> <span class='ocrx_word' id='word_1_151' title='bbox 427 2712 488 2771; x_wconf 90' lang='lat' dir='ltr'>per</span> <span class='ocrx_word' id='word_1_152' title='bbox 511 2694 780 2753; x_wconf 88' lang='lat' dir='ltr'>conversionem.</span> 
     </span>
    </p>

    <p class='ocr_par' dir='ltr' id='par_1_5' title="bbox 136 2798 1100 3623">
     <span class='ocr_line' id='line_1_24' title="bbox 228 2798 1099 2877; baseline -0.001 -18"><span class='ocrx_word' id='word_1_153' title='bbox 228 2799 395 2860; x_wconf 77' lang='lat' dir='ltr'>Proeterea.</span> <span class='ocrx_word' id='word_1_154' title='bbox 422 2798 517 2859; x_wconf 89' lang='lat' dir='ltr'>Deus</span> <span class='ocrx_word' id='word_1_155' title='bbox 542 2800 644 2859; x_wconf 87' lang='lat' dir='ltr'>habet</span> <span class='ocrx_word' id='word_1_156' title='bbox 668 2800 834 2859; x_wconf 88' lang='lat' dir='ltr'>actionem</span> <span class='ocrx_word' id='word_1_157' title='bbox 866 2800 1002 2877; x_wconf 91' lang='lat' dir='ltr'>proprie</span> <span class='ocrx_word' id='word_1_158' title='bbox 1033 2798 1099 2858; x_wconf 92' lang='lat' dir='ltr'>dic-</span> 
     </span>
     <span class='ocr_line' id='line_1_25' title="bbox 136 2904 1099 2986; baseline -0.002 -19"><span class='ocrx_word' id='word_1_159' title='bbox 136 2918 207 2967; x_wconf 90' lang='lat' dir='ltr'>tam</span> <span class='ocrx_word' id='word_1_160' title='bbox 233 2908 275 2967; x_wconf 89' lang='lat' dir='ltr'>ad</span> <span class='ocrx_word' id='word_1_161' title='bbox 299 2908 398 2975; x_wconf 90' lang='lat' dir='ltr'>intra,</span> <span class='ocrx_word' id='word_1_162' title='bbox 424 2908 531 2986; x_wconf 86' lang='lat' dir='ltr'>igitur</span> <span class='ocrx_word' id='word_1_163' title='bbox 554 2926 653 2985; x_wconf 88' lang='lat' dir='ltr'>aeque</span> <span class='ocrx_word' id='word_1_164' title='bbox 678 2904 733 2965; x_wconf 77' lang='lat' dir='ltr'>vel</span> <span class='ocrx_word' id='word_1_165' title='bbox 757 2906 870 2985; x_wconf 86' lang='lat' dir='ltr'>magis</span> <span class='ocrx_word' id='word_1_166' title='bbox 893 2906 1030 2984; x_wconf 89' lang='lat' dir='ltr'>proprie</span> <span class='ocrx_word' id='word_1_167' title='bbox 1041 2924 1099 2984; x_wconf 90' lang='lat' dir='ltr'>po-</span> 
     </span>
     <span class='ocr_line' id='line_1_26' title="bbox 137 3012 1099 3091; baseline -0.004 -17"><span class='ocrx_word' id='word_1_168' title='bbox 137 3024 205 3075; x_wconf 89' lang='lat' dir='ltr'>test</span> <span class='ocrx_word' id='word_1_169' title='bbox 228 3014 352 3074; x_wconf 91' lang='lat' dir='ltr'>habere</span> <span class='ocrx_word' id='word_1_170' title='bbox 377 3014 543 3074; x_wconf 91' lang='lat' dir='ltr'>actionem</span> <span class='ocrx_word' id='word_1_171' title='bbox 570 3014 706 3091; x_wconf 91' lang='lat' dir='ltr'>proprie</span> <span class='ocrx_word' id='word_1_172' title='bbox 730 3012 854 3072; x_wconf 88' lang='lat' dir='ltr'>dictam</span> <span class='ocrx_word' id='word_1_173' title='bbox 880 3012 922 3071; x_wconf 91' lang='lat' dir='ltr'>ad</span> <span class='ocrx_word' id='word_1_174' title='bbox 939 3022 1046 3078; x_wconf 86' lang='lat' dir='ltr'>extra,</span> <span class='ocrx_word' id='word_1_175' title='bbox 1065 3021 1099 3071; x_wconf 90' lang='lat' dir='ltr'>et</span> 
     </span>
     <span class='ocr_line' id='line_1_27' title="bbox 137 3119 1097 3199; baseline -0.004 -18"><span class='ocrx_word' id='word_1_176' title='bbox 137 3122 186 3181; x_wconf 91' lang='lat' dir='ltr'>sic</span> <span class='ocrx_word' id='word_1_177' title='bbox 211 3129 263 3181; x_wconf 91' lang='lat' dir='ltr'>est</span> <span class='ocrx_word' id='word_1_178' title='bbox 287 3122 321 3181; x_wconf 92' lang='lat' dir='ltr'>in</span> <span class='ocrx_word' id='word_1_179' title='bbox 345 3121 532 3199; x_wconf 91' lang='lat' dir='ltr'>proposito.</span> <span class='ocrx_word' id='word_1_180' title='bbox 559 3119 720 3180; x_wconf 87' lang='lat' dir='ltr'>Probatio</span> <span class='ocrx_word' id='word_1_181' title='bbox 743 3120 955 3185; x_wconf 72' lang='lat' dir='ltr'>atttecedenlr&#39;s,</span> <span class='ocrx_word' id='word_1_182' title='bbox 972 3120 1053 3197; x_wconf 88' lang='lat' dir='ltr'>quia</span> <span class='ocrx_word' id='word_1_183' title='bbox 1069 3120 1097 3177; x_wconf 91' lang='lat' dir='ltr'>si</span> 
     </span>
     <span class='ocr_line' id='line_1_28' title="bbox 137 3225 1100 3307; baseline 0 -22"><span class='ocrx_word' id='word_1_184' title='bbox 137 3228 315 3307; x_wconf 77' lang='lat' dir='ltr'>generatio</span> <span class='ocrx_word' id='word_1_185' title='bbox 339 3245 406 3285; x_wconf 92' lang='lat' dir='ltr'>non</span> <span class='ocrx_word' id='word_1_186' title='bbox 432 3236 522 3285; x_wconf 87' lang='lat' dir='ltr'>esset</span> <span class='ocrx_word' id='word_1_187' title='bbox 547 3226 634 3285; x_wconf 86' lang='lat' dir='ltr'>actio</span> <span class='ocrx_word' id='word_1_188' title='bbox 659 3226 795 3303; x_wconf 92' lang='lat' dir='ltr'>proprie</span> <span class='ocrx_word' id='word_1_189' title='bbox 818 3226 909 3284; x_wconf 89' lang='lat' dir='ltr'>dicta</span> <span class='ocrx_word' id='word_1_190' title='bbox 932 3235 970 3283; x_wconf 92' lang='lat' dir='ltr'>ut</span> <span class='ocrx_word' id='word_1_191' title='bbox 982 3225 1100 3285; x_wconf 77' lang='lat' dir='ltr'>distIn-</span> 
     </span>
     <span class='ocr_line' id='line_1_29' title="bbox 137 3330 1098 3413; baseline -0.005 -18"><span class='ocrx_word' id='word_1_192' title='bbox 137 3335 257 3413; x_wconf 87' lang='lat' dir='ltr'>guitur</span> <span class='ocrx_word' id='word_1_193' title='bbox 289 3342 408 3393; x_wconf 90' lang='lat' dir='ltr'>contra</span> <span class='ocrx_word' id='word_1_194' title='bbox 449 3331 659 3399; x_wconf 86' lang='lat' dir='ltr'>relationem,</span> <span class='ocrx_word' id='word_1_195' title='bbox 696 3331 849 3408; x_wconf 88' lang='lat' dir='ltr'>sequitur</span> <span class='ocrx_word' id='word_1_196' title='bbox 885 3330 976 3409; x_wconf 88' lang='lat' dir='ltr'>quod</span> <span class='ocrx_word' id='word_1_197' title='bbox 1007 3341 1098 3390; x_wconf 90' lang='lat' dir='ltr'>esset</span> 
     </span>
     <span class='ocr_line' id='line_1_30' title="bbox 137 3438 1098 3513; baseline -0.004 -13"><span class='ocrx_word' id='word_1_198' title='bbox 137 3450 269 3501; x_wconf 88' lang='lat' dir='ltr'>tantum</span> <span class='ocrx_word' id='word_1_199' title='bbox 294 3439 425 3507; x_wconf 90' lang='lat' dir='ltr'>relati0,</span> <span class='ocrx_word' id='word_1_200' title='bbox 451 3448 484 3499; x_wconf 90' lang='lat' dir='ltr'>et</span> <span class='ocrx_word' id='word_1_201' title='bbox 508 3448 588 3498; x_wconf 91' lang='lat' dir='ltr'>tunc</span> <span class='ocrx_word' id='word_1_202' title='bbox 608 3457 765 3513; x_wconf 74' lang='lat' dir='ltr'>generare</span> <span class='ocrx_word' id='word_1_203' title='bbox 788 3447 821 3497; x_wconf 85' lang='lat' dir='ltr'>et</span> <span class='ocrx_word' id='word_1_204' title='bbox 852 3438 953 3495; x_wconf 77' lang='lat' dir='ltr'>dicere</span> <span class='ocrx_word' id='word_1_205' title='bbox 983 3448 1098 3497; x_wconf 83' lang='lat' dir='ltr'>essent</span> 
     </span>
     <span class='ocr_line' id='line_1_31' title="bbox 136 3544 896 3623; baseline -0.005 -16"><span class='ocrx_word' id='word_1_206' title='bbox 136 3556 269 3607; x_wconf 87' lang='lat' dir='ltr'>tantum</span> <span class='ocrx_word' id='word_1_207' title='bbox 295 3544 420 3621; x_wconf 74' lang='lat' dir='ltr'>referri,</span> <span class='ocrx_word' id='word_1_208' title='bbox 450 3545 543 3623; x_wconf 89' lang='lat' dir='ltr'>quod</span> <span class='ocrx_word' id='word_1_209' title='bbox 566 3555 618 3605; x_wconf 87' lang='lat' dir='ltr'>est</span> <span class='ocrx_word' id='word_1_210' title='bbox 642 3545 896 3604; x_wconf 81' lang='lat' dir='ltr'>inconveniens</span> 
     </span>
    </p>
   </div>
   <div class='ocr_carea' id='block_1_3' title="bbox 0 0 1304 4200">
    <p class='ocr_par' dir='ltr' id='par_1_6' title="bbox 0 0 1304 4200">
     <span class='ocr_line' id='line_1_32' title="bbox 0 0 1304 4200; baseline 0 0"><span class='ocrx_word' id='word_1_211' title='bbox 0 0 1304 4200; x_wconf 95' lang='lat' dir='ltr'> </span> 
     </span>
    </p>
   </div>
  </div>
 </body>
</html>
