2600 4200
301 271 491 334 Drsnucr.
517 270 584 334 XV
607 270 756 351 Qunsr.
782 271 795 332 Ι
974 283 1031 348 125

104 477 257 558 naturalis,
280 487 315 538 et
338 497 473 559 possum
496 478 700 540 considerare
723 479 926 540 voluntatem
952 485 987 538 ut
1011 497 1058 538 se-

104 584 195 664 quitur
217 582 384 664 judicium
408 583 596 657 rationiS,et
619 585 665 646 sic
688 584 805 646 dicitur
829 583 980 646 voluntas
1004 583 1057 646 dc·

104 690 270 764 liberativa,
293 701 327 753 et
349 699 429 754 tunc
452 691 615 754 distinctio
639 700 688 753 est
711 691 808 756 bona.

156 907 217 969 Ao
243 918 389 968 enruuu
412 917 629 967 ramelenus
654 903 771 967 dieitur
787 903 975 984 dupliciter:
990 923 1056 965 uno

106 1015 189 1076 nodo
214 1013 373 1094 negando
403 1013 568 1094 majorem,
582 1011 660 1092 quia
683 1031 739 1092 per
770 1009 950 1093 potentiam
975 1009 1055 1071 divi·

106 1139 167 1181 nam
189 1119 355 1182 contraria
379 1118 411 1180 in
435 1138 566 1180 summo
579 1127 715 1199 possunt
739 1115 834 1180 siniul
847 1126 933 1178 stare
957 1116 1055 1178 ineo-

104 1226 174 1298 dem,
187 1228 275 1289 sicut
288 1227 320 1287 in
332 1226 522 1308 corporibus
535 1225 767 1287 damnatorum
782 1224 912 1306 ponitur
925 1243 1055 1284 summa

105 1334 239 1396 caliditas
261 1344 296 1395 et
318 1353 449 1395 summa
471 1331 640 1413 frigiditas,
654 1341 690 1394 ut
714 1331 841 1393 videtur
865 1331 971 1392 dicere
991 1350 1055 1392 una

105 1441 198 1519 glossa
222 1461 320 1521 super
343 1439 422 1502 illud
445 1437 570 1504 Matth.
583 1457 636 1501 22.
661 1437 704 1500 ibi
728 1437 788 1500 erit
812 1435 905 1498 fletus
929 1446 960 1498 et
988 1437 1055 1498 stri-

105 1545 155 1607 dor
174 1549 333 1610 dentium.
347 1547 412 1610 Sed
425 1545 488 1609 hoc
505 1566 570 1608 non
583 1545 711 1607 videtur
731 1543 964 1614 benedictum,
979 1543 1055 1624 quia

107 1653 201 1716 Rabbi
226 1655 361 1734 Moyses
383 1653 429 1716 sic
453 1653 540 1726 dicit,
564 1652 656 1734 quod
679 1650 867 1732 conjunctio
880 1649 1056 1712 contrario-

104 1780 167 1822 nnn
187 1763 221 1823 in
244 1762 361 1824 eodem
393 1760 542 1840 subjecto
565 1768 614 1821 est
645 1779 749 1820 unum
773 1758 814 1820 de
850 1757 1053 1838 impossibili-

104 1866 157 1929 bus
187 1889 262 1950 quae
286 1875 412 1930 creator
445 1887 512 1928 non
536 1874 644 1947 potest
679 1863 792 1926 lacere.
817 1901 860 1910 -
884 1865 1052 1938 Praeterea,

103 1972 261 2036 delinitum
285 1995 351 2036 non
375 1982 484 2056 potest
505 1993 574 2035 esse
597 1972 666 2034 sine
689 1969 893 2051 delinitione3
918 1971 974 2032 sed
998 1972 1053 2032 de-

103 2077 195 2143 linitio
227 2081 462 2144 contrariorum
486 2078 649 2161 estquod
674 2086 789 2140 mutuo
813 2098 846 2141 se
869 2079 1051 2159 expellunt,

104 2199 136 2248 ut
166 2198 251 2269 patet
285 2209 342 2271 per
377 2185 613 2268 Philosophum
646 2186 681 2248 in
699 2185 1052 2267 postprredz'cameutis;

104 2312 174 2374 ergo
196 2317 250 2376 per
273 2294 398 2358 nullam
421 2293 602 2375 potentiam
625 2301 762 2374 possunt
785 2312 853 2353 esse
866 2292 960 2353 simul
974 2291 1052 2373 quin

104 2410 210 2462 mutuo
230 2424 264 2464 se
285 2402 462 2484 expellant.
486 2401 631 2462 -Ideo
665 2399 757 2461 aliter
791 2398 907 2461 dicitur
930 2400 971 2459 nd
995 2398 1054 2461 mi-

104 2526 202 2568 norem
223 2510 310 2590 quod
345 2508 439 2571 dolor
462 2516 495 2570 et
529 2507 688 2589 gaudium
723 2505 756 2568 in
788 2506 955 2587 proposito
987 2526 1052 2566 non

104 2623 172 2675 sunt
194 2615 223 2677 in
244 2616 413 2699 proposito
436 2615 679 2688 contrariatum,
693 2613 769 2695 quia
793 2633 858 2675 non
877 2613 986 2673 insunt
998 2634 1051 2673 eo-

103 2719 174 2780 dem
196 2724 299 2804 modo⁴
325 2733 398 2785 turn
422 2722 499 2803 quia
521 2742 587 2784 non
611 2730 688 2782 sunt
718 2721 759 2782 de
782 2720 898 2781 eodem
923 2718 1052 2799 objecto

103 2826 338 2908 quiagaudium
361 2838 410 2891 est
444 2830 486 2891 de
508 2828 639 2908 objecto
671 2824 820 2889 beatifico
855 2836 886 2887 et
918 2835 1050 2897 aeteruO,

103 2931 191 2993 dolor
209 2947 315 2998 autem
339 2936 382 2997 de
404 2935 535 3016 objecto
558 2934 730 3016 temporali
753 2942 785 2995 et
808 2932 1018 3013 corruptibili.

164 3040 216 3101 Ad
233 3043 331 3105 aliud
350 3041 540 3124 Philosophi
564 3060 594 3125 7.
620 3038 813 3103 Etlticorum
830 3040 945 3101 dicitur
962 3040 1051 3119 quod

102 3164 165 3205 non
188 3158 228 3209 est
249 3150 291 3211 ad
316 3149 533 3232 propositum,
557 3148 633 3229 quia
668 3146 885 3228 Philosophus
909 3146 1051 3227 loquitur

102 3250 144 3310 ibi
165 3252 203 3313 de
221 3255 433 3318 delectatione
456 3255 625 3336 corporali,
650 3274 710 3316 nos
740 3262 852 3315 autern
888 3253 1051 3333 loquimur

101 3358 140 3417 de
163 3358 366 3425 delectatione
388 3362 555 3445 spirituali,
592 3381 669 3423 nam
704 3360 874 3423 delectatio
901 3380 1051 3439 corpora-

102 3463 147 3535 lis,
171 3477 243 3545 puta
257 3490 330 3550 quae
353 3479 403 3532 est
425 3489 469 3531 ex
484 3469 567 3542 cibo,
592 3467 725 3548 expellit
748 3466 910 3529 tristitiam
924 3466 1050 3546 opposi-

100 3579 168 3630 tam
191 3592 228 3634 ex
249 3577 318 3638 cibo
340 3585 374 3639 et
408 3594 640 3657 quamcunque
664 3574 918 3656 contingentem.
944 3572 1051 3634 Aliter

101 3676 214 3739 dicitur
234 3692 264 3743 et
284 3684 397 3746 melius
419 3682 509 3765 quod
532 3681 658 3744 dictum
676 3680 864 3762 Philosophi
886 3678 985 3741 habet
1001 3699 1052 3740 ve·
