2600 4200
218 289 278 336 122
479 271 554 335 L1a.
580 273 625 335 111
649 271 944 336 Suuruurninuu

191 479 280 560 quod
304 477 446 560 patiente
469 479 579 542 anima
602 488 639 542 ut
663 488 788 554 natura,
807 478 948 560 patiatur
982 477 1091 540 anima
1116 485 1153 540 ut

191 584 346 668 potentia.

258 797 362 865 Alta
385 802 453 865 eat
474 799 629 882 opt'm'o
644 817 720 880 quae
743 797 821 861 dicit
844 797 934 880 quod
957 796 1066 860 anima
1093 817 1152 878 po-

189 913 251 967 test
273 905 439 989 tripliciter
462 905 665 969 considerari.

255 1013 371 1075 Primo
396 1013 495 1086 modo,
521 1022 557 1075 ut
579 1023 628 1075 est
653 1021 777 1087 natura,
798 1021 831 1074 et
854 1011 899 1074 sie
922 1010 1038 1074 dicitur
1061 1011 1151 1092 quod

191 1119 300 1182 anima
324 1119 680 1211 intellectivapatiatur
704 1119 847 1200 patiente
861 1119 969 1180 anima
990 1116 1149 1190 sensitiva,

189 1225 265 1307 quia
300 1225 332 1288 in
357 1225 489 1288 homine
523 1226 674 1288 sensitiva
697 1234 730 1289 et
764 1225 958 1288 intellectiva
980 1234 1056 1287 sunt
1087 1244 1151 1286 una

189 1353 239 1395 res
263 1331 556 1395 fundamentaliter.

256 1438 402 1503 Secundo
425 1439 525 1513 modo,
550 1447 658 1522 potest
680 1438 790 1502 anima
826 1437 1018 1500 considerari
1043 1446 1079 1500 ut
1102 1446 1151 1499 est

189 1546 271 1609 ratio
297 1545 435 1620 inferior,
459 1555 492 1608 et
518 1545 563 1608 sic
587 1545 696 1608 anima
731 1544 851 1609 Christi
888 1545 1002 1607 habuit
1036 1561 1149 1607 verum

187 1653 345 1726 dolorem,
370 1653 446 1735 quia
469 1653 551 1714 ratio
575 1652 704 1714 inferior
729 1651 858 1735 respicit
880 1653 1046 1732 objectum
1070 1661 1150 1713 tem-

187 1759 308 1842 porale,
332 1769 364 1821 et
387 1759 464 1840 quia
487 1757 683 1821 inserebatur
710 1758 768 1822 sibi
793 1779 902 1840 poena,
927 1758 1000 1820 ideo
1036 1757 1150 1820 habuit

188 1887 302 1929 verum
327 1865 485 1928 dolorem.

260 1973 364 2036 Tertio
387 1973 478 2034 modo
502 1981 610 2054 potest
633 1972 827 2035 considerari
852 1980 958 2035 otest
988 1971 1069 2034 ratio
1096 1993 1150 2033 su·

186 2080 303 2163 perior,
316 2090 349 2143 et
361 2079 581 2162 quiarationis
593 2078 765 2161 superioris
778 2089 825 2143 est
838 2081 969 2143 tendere
981 2078 1012 2142 in
1028 2080 1148 2163 Deum,

186 2187 259 2250 ideo
282 2208 325 2251 ex
349 2188 408 2249 ista
431 2188 596 2249 tendentia
624 2207 690 2249 non
722 2186 828 2268 potuit
860 2186 978 2249 habere
1001 2186 1148 2249 dolorem

185 2294 242 2357 sed
266 2294 435 2377 gaudium,
459 2304 492 2356 et
507 2303 556 2356 est
568 2294 639 2356 talis
662 2295 743 2356 ordo
755 2293 837 2355 inter
861 2294 1007 2356 dolorem
1023 2302 1055 2355 et
1071 2314 1151 2375 gau-

185 2402 276 2463 dium
301 2410 447 2482 respectu
471 2401 591 2462 animae
615 2400 744 2474 Christi,
768 2400 845 2482 quia
862 2422 904 2461 ex
925 2410 1016 2481 parte
1029 2400 1151 2463 doloris

186 2508 292 2589 primo
316 2505 375 2570 fuit
399 2507 431 2570 in
455 2507 585 2571 Christo
609 2507 701 2569 dolor
736 2506 767 2569 in
791 2516 862 2569 toto
899 2507 1082 2588 composito
1104 2528 1149 2570 ex

184 2614 294 2677 anima
316 2623 349 2676 et
372 2634 508 2696 corpore
530 2624 563 2677 et
586 2614 694 2675 anima
718 2614 868 2675 sensitiva
887 2623 920 2676 et
943 2614 1148 2689 intellectiva,

184 2721 328 2783 seeundo
351 2719 411 2782 fuit
434 2721 467 2783 in
490 2719 599 2782 anima
623 2719 782 2795 sensitiva,
799 2720 895 2783 tertio
919 2720 951 2782 in
975 2720 1084 2783 anima
1099 2720 1147 2783 in-

183 2827 343 2890 tellectiva
367 2837 404 2889 ut
426 2837 475 2890 est
498 2837 615 2889 natura
644 2827 809 2907 quaedam.
833 2826 890 2889 Ex
921 2836 1012 2909 parte
1036 2836 1146 2889 autern

184 2934 294 3015 gaudii
318 2932 415 2996 suite
438 2912 604 3007 converso,
636 2934 713 3015 quia
737 2933 843 3016 primo
867 2932 928 2995 fuit
955 2933 987 2996 in
1023 2933 1148 2997 ratione

183 3039 349 3121 superiori,
373 3042 518 3103 secundo
541 3039 601 3104 suit
628 3042 661 3102 in
677 3041 785 3103 aninra
801 3050 837 3103 ut
852 3050 901 3103 est
921 3049 1036 3104 natura
1059 3061 1147 3123 quae-

183 3146 270 3221 dam,
296 3147 390 3209 tertio
407 3147 467 3210 luit
490 3147 647 3230 gaudium
668 3148 699 3210 in
724 3156 794 3211 toto
818 3148 1011 3231 composito.

258 3356 426 3443 Quarta
450 3360 603 3444 opinio
618 3364 695 3444 est,
719 3360 761 3423 ad
778 3360 871 3443 cujus
886 3361 1080 3424 evidentiam
1096 3372 1148 3426 est

181 3463 349 3527 sciendum
373 3467 462 3547 quod
486 3467 578 3529 dolor
599 3476 648 3529 est
671 3488 715 3530 ex
750 3466 1007 3550 apprehensione
1033 3488 1150 3533 sensus

180 3570 316 3649 alicujus
340 3571 479 3635 laesionis
502 3572 596 3635 factae
628 3574 661 3636 in
685 3594 781 3637 carne
816 3583 948 3656 propter
982 3575 1072 3657 quod
1094 3596 1150 3639 se·

179 3673 289 3754 quitur
313 3676 419 3757 passio
443 3677 475 3739 in
509 3680 675 3760 appetitu;
712 3680 851 3743 tristitia
885 3690 995 3745 autem
1029 3689 1077 3743 est
1100 3702 1152 3747 ex
