2600 4200
209 192 271 267 276
434 189 509 250 Lm.
535 188 587 249 IV
611 186 917 249 Saurrurmnunr

278 368 444 447 Quarta
471 365 701 440 Cubulteria,
725 366 754 425 si
779 384 967 427 consensus
984 367 1160 427 conditio-

184 483 286 535 natus
309 484 362 535 est
386 492 489 534 causa
511 472 728 539 matrimonii,
754 471 830 532 dico
853 472 945 551 quod
957 490 1155 533 consensus

183 581 437 642 conditionatus
461 580 517 641 vel
540 578 579 640 fit
601 598 663 659 per
686 580 790 640 verba
813 580 855 639 de
870 577 996 648 futuro,
1014 578 1071 639 vel
1087 596 1156 659 per

183 688 291 749 verba
313 688 355 748 de
378 687 551 767 praesenti.
577 683 614 747 Si
637 705 700 766 per
733 686 838 746 verba
871 686 914 745 de
947 684 1063 746 futuro
1095 696 1152 746 est

186 795 276 855 idem
297 793 461 873 judicium
486 793 578 872 quod
601 792 643 852 de
667 792 883 853 matrimonio
907 810 968 871 per
984 793 1090 852 verba
1105 794 1150 853 de

185 899 312 970 futur0,
337 902 460 980 dequo
484 899 682 959 dictumest
699 899 734 959 in
751 918 780 959 2.
803 899 941 959 Cmrclrcs.
960 934 1002 943 -
1020 898 1153 961 Notan-

186 1007 267 1068 dum
291 1016 405 1068 autem
422 1006 514 1085 quod
530 1005 681 1065 conditio
698 1006 739 1066 de
756 1003 870 1066 futuro
886 1013 947 1065 aut
962 1008 1150 1085 apponitur

184 1133 246 1193 per
268 1113 406 1175 modurn
424 1132 548 1192 poenae‚
561 1120 621 1172 aut
632 1122 670 1172 ut
687 1112 924 1172 determinatio
940 1123 1146 1174 contractus.

185 1218 224 1282 Si
249 1239 310 1301 per
332 1220 470 1281 modum
494 1236 619 1298 poenae,
644 1218 774 1279 nullius
798 1228 850 1278 est
874 1218 1008 1299 vigoris
1025 1238 1089 1299 pro
1105 1240 1148 1281 eo

184 1328 278 1406 quod
301 1326 518 1388 matrimonia
541 1326 666 1385 debent
689 1344 764 1385 csse
789 1325 908 1396 libera;
945 1334 982 1385 ut
1006 1327 1035 1386 si
1067 1328 1149 1406 quis

183 1435 360 1514 proponit:
385 1434 547 1513 promitto
570 1431 770 1493 contrahere
797 1440 908 1492 tecum
944 1432 1008 1493 sub
1042 1452 1148 1511 poena

184 1550 322 1602 centum
346 1558 544 1601 marcarum.
571 1536 608 1598 Si
633 1547 746 1599 autem
771 1539 956 1617 apponitur
985 1548 1023 1599 ut
1040 1532 1149 1601 detcrss

184 1647 327 1707 minatio
350 1655 554 1711 contractus,
579 1644 860 1725 distinguendum
885 1655 947 1713 est,
973 1646 1055 1725 quia
1086 1654 1147 1707 aut

184 1754 252 1815 ista
275 1754 425 1814 conditio
448 1764 501 1814 est
532 1753 676 1814 honesta
710 1753 765 1813 vel
801 1753 989 1813 inhonesta.
1023 1750 1060 1814 Si
1092 1762 1148 1814 est

184 1861 339 1928 honesta,
364 1870 476 1921 stante
506 1858 700 1921 conditione
735 1867 827 1920 stant
861 1859 1043 1939 sponsalia,
1077 1878 1145 1922 non

185 1976 308 2036 stante,
333 1986 401 2027 non
426 1977 530 2036 stant;
565 1976 602 2027 ut
626 1968 654 2027 si
691 1967 768 2045 quis
803 1966 907 2026 dicat:
946 1967 1145 2027 contraham

184 2083 298 2135 tecum
322 2074 350 2134 si
375 2073 541 2153 placuerit
564 2074 651 2152 patri
675 2092 762 2143 me0,
787 2072 843 2134 vel
857 2074 884 2134 si
903 2072 1053 2134 volueris
1070 2091 1148 2135 con·

185 2183 273 2241 verti
298 2181 341 2240 ad
364 2179 476 2241 fidem.
502 2179 539 2240 Si
564 2191 678 2241 autem
703 2187 755 2240 est
779 2180 967 2248 inhonesta,
997 2181 1061 2241 hoc
1092 2190 1146 2242 est

185 2288 377 2366 dupliciter,
402 2289 484 2366 quia
506 2298 565 2347 aut
588 2296 641 2347 est
658 2296 776 2347 contra
792 2287 1017 2348 substantiam
1034 2290 1147 2348 matri-

185 2395 303 2464 monii,
328 2403 387 2455 aut
403 2413 485 2465 non3
504 2395 530 2454 si
549 2403 668 2454 contra
684 2394 909 2454 substantiam
926 2395 1143 2465 matrimonii,

184 2501 280 2562 nulla
304 2511 357 2561 est
380 2501 556 2580 obligatio,
582 2509 619 2561 ut
636 2501 664 2560 si
690 2500 793 2560 dicat:
818 2500 1015 2561 contraham
1034 2509 1143 2562 tecum

184 2609 213 2668 si
239 2609 475 2686 procuraveris
511 2625 644 2667 venena
680 2606 879 2674 sterilitatis,
916 2606 971 2666 vel
1006 2607 1144 2687 aliquod

185 2714 390 2793 hujusmodi.
417 2712 455 2774 δί
479 2723 593 2774 autem
617 2722 669 2773 est
694 2713 874 2773 inhonesta
897 2723 931 2774 et
946 2733 1014 2773 non
1028 2725 1145 2774 contra

184 2821 410 2881 substantiam
435 2821 651 2890 matrimonii,
677 2829 715 2880 ut
731 2821 758 2880 si
777 2820 921 2880 dicatur:
946 2821 1143 2881 contraham

184 2937 296 2988 tecum
323 2929 350 2987 si
378 2925 509 2987 furatus
533 2925 648 2990 fueris,
673 2927 739 2994 vel,
765 2927 793 2986 si
818 2925 930 2986 Deum
951 2923 1142 2998 offenderis,

185 3035 266 3094 talis
290 3035 440 3094 conditio
465 3053 526 3112 pro
550 3052 617 3093 non
641 3034 772 3112 adjecta
795 3033 950 3094 habenda
966 3043 1028 3095 est.
1047 3071 1088 3078 -
1105 3031 1141 3097 Si

186 3151 300 3202 autem
326 3160 513 3201 consensus
536 3139 596 3201 fiat
619 3159 680 3220 per
703 3141 808 3201 verba
831 3141 872 3200 de
896 3142 1069 3220 praesenti,
1085 3149 1143 3203 aut

187 3248 339 3307 conditio
362 3257 415 3308 est
439 3248 621 3326 praeterita,
646 3257 705 3308 aut
729 3265 891 3326 praesens
926 3257 986 3308 aut
1019 3245 1140 3308 futura

185 3352 224 3415 Si
250 3354 400 3414 conditio
424 3365 477 3414 cst
500 3355 683 3433 praeterita,
709 3363 759 3413 ut:
785 3354 915 3433 accipio
932 3364 965 3414 te
982 3355 1016 3414 in
1033 3373 1140 3415 meam

183 3462 212 3522 si
238 3471 394 3521 mortuus
417 3470 469 3520 est
494 3470 590 3540 pater
613 3470 707 3531 tuus;
740 3460 861 3521 valde
885 3461 1058 3540 praesenti,
1090 3469 1139 3522 ut:

184 3568 315 3646 accipio
340 3577 373 3626 te
397 3568 431 3627 in
455 3586 564 3627 meam
590 3568 617 3626 si
646 3577 683 3626 tu
711 3586 748 3626 es
776 3567 886 3647 virgo,
904 3573 1015 3627 stante
1032 3569 1143 3628 condi·
