2600 4200
225 212 285 269 186
454 208 528 267 lna.
554 203 606 266 lV
631 205 937 267 Sssx‘rax‘rmnuu

289 473 351 535 Da
388 473 568 535 eeoutulo
601 470 801 534 Articulo·
833 472 909 532 dico
948 474 1040 552 quod
1075 474 1161 534 illud

197 581 276 650 tale,
301 581 375 641 sive
399 581 445 640 sit
468 578 589 639 relatio
609 578 715 639 realis
739 588 777 639 ut
800 578 883 639 dicit
899 580 1009 657 prima
1032 582 1158 660 opinio,

198 688 254 747 vel
278 686 399 747 relatio
423 686 567 747 rationis
590 696 628 745 ut
659 686 743 745 dicit
777 686 928 746 secunda
961 687 1088 765 opini0,
1112 706 1161 747 re·

198 811 340 853 manens
365 793 398 853 in
423 801 601 872 peccatore
625 792 767 861 deletur,
781 792 882 871 juxta
903 791 987 853 illud
1005 792 1160 870 Symboli:

197 897 308 960 Credo
327 900 567 960 »remissionem
592 908 819 978 peccatorum.
845 894 890 958 Et
917 898 981 959 hoc
997 900 1161 979 probatur

198 1007 268 1066 sic:
294 1004 495 1085 Aliquando
511 1004 777 1086 praedestinatus
793 1004 919 1065 labitur
936 1007 971 1065 in
983 1014 1157 1085 peccatum

198 1112 351 1181 mortale,
364 1113 454 1173 sicut
476 1121 570 1191 patet
594 1111 636 1171 de
662 1110 763 1171 Petro
787 1120 821 1173 et
846 1110 953 1172 Paulo
986 1122 1020 1173 et
1042 1113 1160 1175 multis

198 1220 295 1289 aliis;
321 1217 381 1279 sed
417 1217 683 1297 praedestinatus
719 1236 786 1279 non
826 1228 940 1297 potest
973 1216 1157 1281 beatificari

199 1326 264 1385 nisi
286 1326 401 1386 deleto
425 1334 565 1405 peceato
589 1326 645 1385 vel
670 1324 882 1405 obligatione
895 1344 963 1404 qua
986 1325 1160 1407 obligatur

198 1433 242 1492 ad
265 1450 402 1511 poenam
427 1443 567 1511 propter
590 1442 789 1511 peceatum;
822 1450 907 1512 ergo
931 1442 1010 1493 ante
1034 1431 1161 1513 glorifi-

198 1540 367 1599 cationem
396 1548 531 1617 oportet
559 1538 664 1599 deleri
701 1540 799 1600 istam
836 1538 1081 1620 obligationem
1117 1539 1160 1600 ad

198 1646 342 1725 primam
367 1662 515 1724 poenam.

288 1857 351 1920 De
375 1858 497 1919 tertio
521 1855 714 1919 ,trtioulo
738 1857 815 1919 dico
850 1858 941 1937 quod
977 1859 1044 1918 ista
1078 1858 1162 1920 obli·

198 1966 295 2046 gatio
319 1984 387 2024 non
411 1965 597 2025 remittitur
620 1965 694 2023 sine
718 1982 821 2044 poena
846 1964 900 2023 uel
925 1963 1041 2043 aliquo
1058 1966 1162 2043 aequi·

199 2070 326 2133 valenti
352 2072 387 2131 in
411 2071 644 2151 acceptatione
661 2070 787 2140 divina,
806 2072 886 2150 quia
906 2088 967 2150 per
984 2070 1161 2151 quodlibet

198 2187 386 2258 peccatum,
405 2179 494 2238 sicut
508 2178 633 2238 clamat
648 2175 835 2257 Scriptura,
853 2175 1039 2238 offenditur
1053 2176 1159 2248 Deus;

199 2283 343 2345 offensio
369 2295 481 2345 autem
507 2283 571 2344 Dei
597 2285 653 2344 vel
678 2284 751 2363 ejus
768 2285 827 2353 ira,
845 2293 897 2344 est
914 2286 987 2364 ejus
1003 2285 1080 2343 velle
1094 2287 1164 2342 vin-

198 2393 312 2458 dicare,
341 2401 399 2452 aut
423 2391 553 2470 aliquid
577 2390 669 2451 aliud
694 2387 866 2451 sufficiens
890 2391 935 2464 ad¹
956 2390 1160 2470 placandum

199 2498 360 2578 exigere;
386 2517 470 2578 ergo
501 2499 616 2576 posito
650 2514 858 2576 quocunque
889 2505 1039 2576 peccato,
1064 2496 1162 2558 Deus

200 2604 275 2664 vult
299 2605 472 2664 vindicare
497 2604 538 2663 de
562 2613 733 2682 peccante.
760 2601 829 2662 Sed
864 2602 952 2663 uelle
987 2603 1162 2664 vindicare

199 2721 253 2772 est
276 2711 365 2772 velle
377 2712 511 2791 punire;
537 2729 622 2791 ergo
638 2719 717 2789 post
733 2720 910 2789 peccatum
927 2711 1160 2777 commissum,

200 2819 243 2878 ad
267 2819 340 2897 ejus
353 2818 566 2879 *deletionem
592 2818 775 2896 requiritur
799 2815 932 2896 punitio
949 2817 1004 2876 vel
1022 2815 1160 2896 aliquod

200 2926 413 3004 aequivalens
438 2927 471 2984 in
498 2925 730 3004 acceptatione
754 2924 881 2983 divina.

294 3157 481 3235 Quartus
509 3159 653 3216 (terrem
677 3151 910 3228 Atticulae,
927 3152 1057 3213 seilicet
1080 3171 1163 3232 quo

199 3262 302 3321 modo
325 3261 509 3340 requiritur
544 3260 585 3319 ad
621 3259 825 3320 deletionem
861 3261 990 3340 peccati
1027 3259 1163 3337 punitio

200 3368 358 3448 poenalis,
383 3368 459 3427 dico
483 3367 569 3426 duas
592 3365 848 3428 ConclusioneS.

291 3475 412 3540 Pruna,
441 3474 532 3554 quod
557 3473 599 3532 ad
623 3473 828 3534 deletionem
864 3473 992 3551 peccati
1029 3471 1164 3552 regula-

200 3583 283 3641 riter
306 3583 489 3660 requiritur
511 3581 645 3659 punitio
663 3580 864 3640 voluntaria.
883 3578 1056 3638 Probatur:
1082 3595 1161 3638 nam
