2600 4200
203 290 396 353 DISTINCT.
423 289 574 353 XXXIV
596 298 629 353 et
653 290 788 353 XXXV
811 289 958 372 Quasr.
984 292 1013 353 ΙΙ
1043 306 1108 372 227

158 496 284 558 dictum
308 496 467 577 supponit
491 494 617 571 falsum,
642 495 763 558 scilicet
785 496 878 577 quod
906 496 988 559 ratio
1020 505 1131 560 movet

154 602 354 683 appetitum,
380 601 474 682 cujus
496 602 696 664 contrarium
721 610 888 665 ostensum
917 601 978 665 fuit
1002 602 1074 665 Lib.
1096 620 1128 667 2.

156 708 192 771 d.
212 706 271 787 58.
295 730 325 791 q.
350 727 381 771 2.
407 728 483 770 narn
507 708 550 770 ibi
575 718 744 771 ostensum
771 718 820 771 est
854 709 944 790 quod
978 711 1130 774 voluntas

157 823 269 896 potest
291 836 325 877 se
349 834 481 877 movere
503 824 617 877 contra
638 814 798 895 judicium
824 815 964 877 rationis.

205 922 375 995 Praeterea,
401 930 513 983 contra
539 922 717 984 secundum
740 921 864 983 dz'ctum
888 921 930 983 de
953 922 1057 997 donis,
1081 911 1129 985 ar-'

155 1028 272 1110 guitur
295 1028 357 1090 sic:
383 1026 522 1089 charitas
538 1028 637 1091 habet
654 1028 813 1109 imperare
828 1028 955 1090 actibus
978 1029 1127 1092 omnium

156 1134 337 1211 virtutum;
362 1154 441 1215 ergo
463 1134 597 1196 virtutes
624 1133 748 1197 habent
776 1134 898 1197 moveri
933 1155 991 1216 per
1024 1134 1125 1197 chari⁴

155 1248 281 1317 tatem;
305 1261 385 1322 ergo
420 1260 486 1302 non
520 1249 569 1303 est
604 1241 782 1303 necessaria
816 1241 989 1322 spiritualis
1024 1242 1127 1306 motio

156 1346 301 1429 Spiritus
325 1347 445 1410 Sancti.

228 1453 398 1528 Praeterea,
422 1454 558 1516 virtutes
591 1453 787 1536 theologicae
811 1462 887 1517 sunt
921 1452 1127 1536 perfectiores

158 1578 264 1642 quarn
289 1561 447 1636 morales3
476 1562 532 1623 sed
556 1560 691 1623 virtutes
719 1561 857 1623 morales
880 1582 957 1623 cum
981 1561 1125 1643 potentia

154 1666 274 1747 inqua
293 1674 378 1739 sunt,
396 1666 558 1729 sufficiunt
574 1667 616 1729 ad
632 1666 826 1729 eliciendum
850 1676 942 1729 actus
965 1688 1041 1729 suos
1056 1667 1124 1731 sine

158 1772 272 1854 aliquo
296 1774 380 1835 alio:
404 1792 484 1856 ergo
509 1774 540 1835 in
564 1773 738 1835 virtutibus
768 1773 960 1855 theologicis
987 1783 1126 1838 nonest

159 1880 340 1943 necessaria
362 1880 535 1961 spiritualis
559 1880 662 1942 motio
686 1880 824 1962 Spiritus
848 1880 968 1943 Sancti.

228 1982 342 2053 Alalis
365 1988 422 2053 est
447 1983 584 2053 modus
606 1982 759 2053 dicende·
788 1987 1009 2068 antiquorum,
1034 1986 1124 2068 quod

156 2094 296 2155 virtutes
318 2102 351 2156 et
374 2093 461 2156 dona
485 2103 517 2155 et
543 2071 775 2156 beatitudines⁸
794 2092 945 2155 differunt
980 2115 1037 2175 per
1062 2092 1125 2158 hoc

153 2201 248 2282 quod
266 2219 322 2281 per
338 2200 473 2262 virtutes
495 2199 656 2282 contingit
676 2199 817 2282 perfecte
840 2221 946 2282 agere,
964 2221 1021 2282 per
1037 2201 1124 2264 dona

155 2315 272 2368 autern
297 2305 478 2388 perfectius,
503 2307 560 2368 sed
583 2327 641 2388 per
665 2307 881 2370 beatitudines
904 2307 1066 2388 expedite.

231 2411 350 2477 Contra
374 2413 431 2475 hoc
455 2413 615 2494 objicitur,
632 2413 709 2494 quia
732 2414 847 2476 eadem
872 2414 990 2475 virtute
1006 2433 1124 2495 operor

151 2529 189 2582 et
212 2520 367 2602 expedite
390 2540 519 2600 operor,
536 2519 611 2600 quia
635 2520 737 2581 virtus
756 2528 804 2582 est
827 2518 981 2601 perfectio
1004 2519 1123 2582 haben·

153 2626 207 2699 tis,
224 2635 257 2688 et
280 2646 364 2709 opus
386 2625 456 2707 ejus
479 2627 605 2688 bonum
629 2648 684 2688 seu
710 2625 889 2708 perfectum
913 2626 1019 2689 reddit
1034 2647 1075 2688 ex
1090 2645 1121 2690 2.

155 2731 290 2806 Etlzic‚;
315 2753 394 2814 ergo
418 2733 471 2794 illa
494 2753 559 2796 non
583 2741 631 2796 est
654 2734 815 2795 sufficiens
839 2733 1017 2795 differentia
1040 2733 1122 2796 inter

154 2839 292 2901 virtutes
314 2848 348 2901 et
370 2840 467 2904 dona.
485 2877 528 2886 -
557 2837 781 2922 confirmatur
802 2840 879 2921 quia
902 2839 1121 2902 communiter

152 2945 378 3008 attribuuntur
413 2954 554 3027 quatuor
592 2945 795 3008 conditiones
833 2945 967 3019 habitui,
1002 2945 1122 3008 scilicet

154 3051 246 3134 quod
270 3063 319 3114 est
342 3051 422 3113 illud
445 3073 512 3134 quo
537 3051 660 3115 habens
683 3061 836 3133 operatur
860 3051 1003 3126 faciliter,
1020 3052 1122 3115 delec-

151 3157 304 3232 tabiliter,
331 3159 485 3239 expedite
507 3167 540 3220 et
563 3168 726 3241 prompte.

191 3313 197 3328 .
225 3260 398 3350 Qreartus
422 3261 559 3332 modus
581 3262 734 3332 dicendi
753 3273 802 3326 est
832 3265 1017 3347 aliquorum
1054 3283 1121 3326 mo

150 3372 333 3434 dernorum
357 3371 412 3454 qui
436 3371 582 3434 consistit
605 3373 637 3434 in
661 3372 765 3434 tribus
788 3371 1059 3434 conclusionibus.

221 3478 342 3541 Prima
366 3488 414 3541 est
437 3479 527 3560 quod
551 3479 632 3541 inter
656 3478 791 3541 vir-tutes
813 3487 846 3540 et
868 3479 955 3540 dona
983 3497 1048 3539 non
1071 3485 1121 3538 est

151 3585 318 3649 distinctio
343 3585 443 3658 realis,
468 3585 544 3666 quia
568 3585 656 3648 nulla
684 3585 849 3667 pluralitas
872 3584 922 3646 vel
957 3583 1121 3646 distinctio

148 3703 200 3756 est
225 3692 379 3775 ponenda
403 3692 470 3754 sine
494 3691 683 3755 necessitate
697 3714 712 3770 ;·
728 3692 784 3754 sed
810 3691 861 3753 hie
885 3691 973 3752 nulla
994 3699 1043 3752 est
1067 3707 1119 3752 ne·
