2600 4200
349 225 538 289 D1sr1ucr.
565 225 616 288 IV
641 225 825 307 QuAEsno
848 227 865 288 Ι
1026 247 1064 306 5¹

1055 336 1091 345 -u-

121 404 339 466 contrahitur
363 406 526 485 iniquitas
549 425 594 468 ex
618 403 746 467 Adam.
771 403 817 468 Et
856 405 1090 487 Augustinus,

120 511 177 572 lib.
201 511 238 571 de
252 511 323 591 fide
345 511 390 571 ad
409 511 558 572 Pernam:
597 509 792 574 firmissime
816 521 894 574 tene
917 521 952 574 et
985 511 1093 574 nulla-

121 627 227 679 tenus
249 617 392 686 debitos,
417 636 552 680 omnem
576 621 636 699 qui
660 637 722 699 per
737 619 957 681 concubitum
973 620 1092 680 viriet

119 723 280 786 mulieris
302 725 503 805 concipitur,
534 743 611 786 cum
634 735 777 806 peccato
800 725 961 808 originali
986 727 1091 787 nasci.

216 831 385 892 praterea.
410 829 635 913 Augustinus
658 831 711 894 lib.
735 832 772 892 de
794 832 945 911 baptismo
972 839 1093 910 paruu-

119 939 237 1006 lorum,
267 937 381 999 Adam
406 955 466 1018 per
488 939 785 1018 praevaricationis
815 937 1012 1020 exemplum
1044 941 1093 1000 in·

120 1041 206 1106 lecit
229 1045 264 1105 in
288 1063 326 1106 se
349 1062 469 1106 omnes
491 1045 534 1106 de
558 1064 620 1107 sua
643 1047 751 1126 stirpe
774 1054 948 1107 venturos.

217 1149 386 1212 Proeterea.
412 1150 593 1214 Peccatum
618 1151 789 1233 originale
818 1160 872 1213 est
902 1149 1093 1214 formaliter

119 1257 277 1318 carentia
295 1257 439 1337 justitiae
464 1257 655 1340 originalis,
680 1267 718 1319 ut
751 1259 863 1338 patuit
886 1260 919 1318 in
954 1276 984 1318 2.
1019 1259 1093 1328 lib„-

119 1363 185 1425 sed
210 1381 330 1426 omnes
352 1365 578 1426 communiter
601 1366 784 1446 propagati
800 1373 916 1426 carent
928 1365 1090 1446 originali

117 1469 271 1551 justitia;
297 1489 381 1552 ergo
404 1469 876 1554 omnes-habentpeccatum
907 1471 1087 1552 originale.

121 1575 205 1638 Non
229 1587 343 1639 autem
368 1577 508 1640 intendo
532 1596 593 1658 per
616 1579 702 1640 istas
731 1580 882 1639 rationes
916 1577 1090 1640 includere

123 1681 309 1764 Virginem
333 1683 557 1754 benedictam,
582 1693 718 1765 oportet
734 1693 847 1746 tamen
864 1685 907 1745 de
923 1704 964 1746 ea
975 1686 1094 1766 singu·

121 1790 243 1851 lariter
266 1789 370 1870 loqui.
396 1789 442 1852 Et
465 1792 653 1853 secundum
679 1791 929 1872 Augustinum‚
953 1810 1031 1852 cum
1047 1792 1090 1852 de

121 1897 276 1976 peccatis
299 1899 424 1980 agitur,
459 1898 501 1960 de
537 1897 648 1960 Maria
671 1897 800 1960 nullam
835 1916 976 1979 prorsus
1012 1898 1092 1958 volo

121 2003 251 2064 habere
274 2005 511 2084 quaestionem.
536 2003 653 2065 Teneo
688 2006 796 2086 igitur
829 2003 922 2085 quod
955 2005 1090 2085 parvuli

121 2129 203 2171 cum
246 2110 394 2173 habeant
439 2121 617 2193 peccatum
663 2112 850 2193 originale,
895 2111 1090 2192 baptizandi

121 2227 216 2279 sunt.

216 2324 272 2383 Ad
302 2331 489 2403 argumenta
524 2334 637 2386 autem
673 2324 815 2386 alterius
848 2326 1022 2405 opinionis
1050 2326 1095 2384 ad

115 2432 264 2507 primum
288 2430 366 2493 dico
389 2430 480 2512 quod
512 2430 598 2493 illud
632 2450 752 2495 verum
788 2442 841 2492 est
874 2431 917 2493 de
951 2442 1092 2511 peccato

119 2539 262 2604 actrcali,·
284 2539 313 2598 si
337 2548 451 2599 autem
476 2538 690 2620 intelligatur
713 2538 756 2600 de
771 2539 1085 2618 pcccatoorrjqinali,

120 2644 203 2705 dico
226 2644 319 2724 quod
344 2664 410 2705 non
435 2654 570 2725 oportet
594 2656 771 2725 peccatum
796 2645 998 2726 simpliciter
1016 2664 1091 2705 esse

120 2749 358 2811 voluntarium
382 2748 521 2812 habenti
546 2752 670 2832 ipsum,
688 2752 749 2813 sed
764 2772 841 2813 esse
859 2751 1090 2812 voluntarium

119 2857 152 2917 ei
180 2856 237 2918 vel
255 2856 304 2917 illi
322 2876 342 2918 a
358 2876 426 2938 quo
442 2856 669 2929 contrahitur;
686 2856 752 2921 fuit
768 2868 882 2920 autem
899 2867 1090 2938 peractum

120 2962 357 3025 voluntarium
381 2954 473 3027 ‘Adae
498 2984 519 3025 a
542 2984 610 3045 quo
634 2973 846 3026 contractum
870 2974 932 3025 est.

215 3070 271 3130 Ad
291 3070 458 3131 secundum
482 3071 702 3133 dicoeodem
730 3072 841 3140 mode,
867 3072 959 3152 quod
976 3071 1093 3132 nullus

118 3184 244 3258 peccat
260 3178 296 3239 in
312 3195 353 3238 eo
369 3177 461 3258 quod
478 3178 587 3239 vitare
599 3196 668 3238 non
680 3188 794 3257 potest
811 3188 869 3238 aut
885 3180 918 3236 in
935 3198 967 3237 se
982 3187 1042 3238 aut
1057 3180 1092 3236 in

116 3285 263 3363 alioqui
279 3302 342 3364 pro
355 3284 430 3364 ipso
447 3285 577 3365 accepit
601 3284 755 3345 habitum
779 3286 976 3364 oppositum
993 3285 1089 3344 vitio.

118 3390 244 3453 Potuit
267 3399 381 3451 autem
405 3390 470 3451 hoc
494 3392 595 3452 vitari
620 3392 655 3452 in
680 3390 757 3459 alio,
783 3400 865 3470 puta
892 3392 927 3451 in
964 3390 1091 3461 Adam,

117 3499 149 3560 si
177 3516 248 3558 non
272 3506 458 3577 peccasset,
483 3498 541 3577 qui
566 3507 743 3577 acceperat
761 3498 930 3577 justitiam
957 3497 1093 3575 orgina-

116 3605 191 3665 lem
215 3622 279 3683 pro
303 3622 341 3665 se
364 3612 399 3664 et
422 3604 579 3683 posteris.
