2600 4200
342 217 532 280 D1sruvcr.
557 218 610 280 ΙΙΙ
635 217 820 300 vasrro
842 220 877 282 ΙΙ
1027 245 1068 303 43

125 325 174 334 uua—1
178 326 220 332 ...v-1
224 327 232 332 ..
236 325 289 333 ..η-..η-

222 397 330 456 Terlia
353 398 533 474 0p1·ni0est
556 417 659 478 quam
684 401 840 479 sequitur
873 399 1004 463 Doctor
1035 421 1092 463 no-

124 513 204 564 ster.
232 501 381 564 Videtur
403 504 496 584 quod
520 503 579 565 illa
603 506 749 567 variatio
772 516 887 585 potest
909 526 985 569 esse
1011 527 1091 588 qua-

124 609 336 689 drupliciter,
362 610 486 671 velex
511 619 608 691 parte
642 613 791 679 minum,
830 613 887 674 vel
917 633 963 675 ex
992 625 1090 694 parte

122 724 221 784 uclrcs,
249 716 306 778 vei
330 735 376 778 ex
398 725 496 798 parte
518 720 724 796 susciptentis,
752 719 877 780 velex
901 729 997 800 parte
1008 723 1091 782 cluu-

121 825 202 884 suloe
225 825 390 902 sequente,
418 824 549 885 scilicet
572 825 607 886 in
632 826 771 886 nomine
794 824 918 898 PatriS,
942 837 1005 889 etc.

214 946 252 1009 Si
278 957 392 1009 autem
415 946 476 1008 fiat
499 949 645 1009 variatio
661 968 707 1010 ex
723 960 820 1030 parte
836 953 984 1019 ministri,
1005 963 1089 1033 puta

121 1056 205 1134 quia
228 1055 407 1134 baptizans
431 1073 500 1116 non
522 1055 620 1116 dicit:
645 1056 724 1135 Ego,
753 1057 926 1138 integrum
950 1068 1003 1121 est
1029 1057 1089 1122 Sa·

120 1171 345 1230 crementum,
370 1163 459 1222 sicut
482 1171 577 1242 patet
601 1161 643 1223 de
667 1160 799 1225 Graecis
822 1165 880 1243 qui
905 1184 985 1226 vere
1007 1166 1088 1248 bap-

120 1269 239 1338 tizant,
262 1277 297 1329 et
330 1278 446 1329 tamen
481 1287 549 1330 non
582 1266 760 1348 proferunt
791 1288 978 1349 pronomen
1012 1293 1087 1350 ego,-

121 1374 181 1436 ille
206 1385 320 1436 tamen
345 1376 395 1436 sic
418 1373 547 1437 faciens
572 1377 606 1436 in
630 1373 787 1437 Ecclesia
810 1375 971 1439 Romana
1000 1399 1087 1448 mon

119 1481 236 1542 taliter
258 1493 424 1562 peccaret.

213 1603 250 1666 Si
276 1616 389 1667 autem
413 1604 473 1667 fiat
497 1608 642 1668 variatio
674 1608 708 1668 in
742 1613 822 1674 actu,
861 1610 1085 1689 exprimendo

119 1711 219 1773 illum
242 1713 382 1773 modum
406 1714 449 1786 in,
465 1714 620 1793 optativo
644 1715 746 1774 modo
763 1724 797 1774 et
809 1733 877 1776 non
890 1716 1084 1787 indicative,

119 1821 184 1880 sic:
210 1819 402 1898 baptizetur
425 1839 546 1881 servus
570 1819 697 1881 Christi
730 1823 765 1882 in
800 1824 936 1883 nomine
971 1822 1085 1885 Patris

119 1935 196 1996 etc,
222 1925 334 1986 adhuc
360 1935 452 1986 esset
485 1928 659 2007 integrum
694 1924 963 1999 Sacramentum,
996 1931 1084 1990 sicut

118 2042 214 2112 patet
236 2033 279 2093 de
303 2029 443 2094 Graecis

212 2158 251 2219 Si
276 2169 390 2219 autem
413 2156 473 2219 fiat
497 2160 642 2219 variatio
667 2160 701 2219 in
736 2162 927 2236 suscipiente,
967 2161 1084 2223 Sacra-

117 2276 271 2327 mentum
296 2284 365 2326 non
389 2275 441 2325 est
465 2266 648 2346 integrum.

207 2388 245 2451 Si
272 2398 384 2451 autem
409 2388 469 2449 fiat
503 2390 647 2450 variatio
683 2390 718 2450 in
752 2391 892 2449 clausula
926 2398 1077 2468 sequente,

119 2498 253 2558 scilicet
277 2497 312 2556 in
336 2498 474 2557 nomine
498 2495 621 2565 Patris,
646 2508 721 2565 etc„
746 2496 822 2557 dico
846 2497 937 2577 quod
968 2507 1081 2577 potest

116 2601 188 2665 fieri
214 2622 278 2665 sex
303 2602 423 2671 modis,
450 2604 538 2664 sicut
560 2606 658 2683 ponit
683 2602 927 2665 Bonaventura
941 2612 1036 2682 super
1049 2624 1079 2679 4.

115 2712 185 2771 dist.
208 2730 241 2787 3.
266 2731 295 2788 q.
321 2715 360 2777 6.,
401 2710 532 2770 scilicet
565 2710 723 2777 mutando,
759 2711 905 2779 addendo,
944 2732 1082 2770 corrum-

110 2818 223 2895 pendo,
251 2818 486 2895 transponendo,
526 2818 746 2894 interponendo
779 2825 813 2877 et
841 2818 940 2893 plura
977 2820 1080 2877 eodem

115 2925 209 2983 verbo
232 2924 428 3001 implicanda.

207 3048 343 3108 ululatio
365 3046 414 3119 fit,
439 3056 477 3109 ut
501 3050 528 3109 si
554 3048 736 3110 diceretur:
761 3049 897 3128 baptizo
921 3059 955 3110 te
972 3051 1006 3109 in
1024 3069 1080 3109 no·

115 3157 208 3217 mine
232 3154 346 3216 Patris
370 3156 548 3235 genitoris
574 3156 683 3235 geniti
707 3165 742 3216 et
768 3158 901 3235 spirati;
934 3167 967 3216 et
998 3165 1079 3217 tunc

118 3280 187 3324 non
211 3271 303 3323 esset
326 3262 536 3343 Baptismus
562 3263 644 3342 quia
667 3261 747 3323 licet
769 3263 859 3323 idem
873 3261 1077 3343 significent,

114 3378 230 3430 tamen
256 3369 360 3430 alium
384 3368 523 3429 modum
548 3367 765 3451 significandi
782 3369 919 3440 habent,
936 3378 970 3429 et
985 3366 1079 3430 Chri·

114 3484 189 3537 stus
213 3476 325 3537 voluit
348 3494 513 3556 personas
538 3477 706 3537 nominari
722 3478 870 3556 propriis
883 3476 1078 3537 nominibus

113 3600 347 3661 personarum.

1042 3720 1050 3759 ι
