2600 4200
240 213 297 286 156
461 209 535 270 Lm.
561 208 611 269 IV
637 207 943 271 Serras‘runuu

210 389 355 456 ducitur,
379 389 438 468 qui
464 388 519 448 vel
543 398 595 448 est
619 389 797 468 generatio
822 387 877 448 vel
913 388 1169 468 augmentati03

212 507 245 557 et
269 496 425 576 arguitur
449 496 537 555 sicut
561 495 667 574 prius,

301 602 469 668 Proeterea,
498 602 577 662 licet
601 601 717 682 aliqua
741 603 851 661 virtus
874 601 973 663 detur
993 601 1093 663 alicui
1118 621 1173 662 su·

210 709 482 790 pernaturaliter‚
508 718 621 769 tamen
638 719 821 789 postquam
846 709 945 776 inest,
970 709 1171 769 naturaliter

212 819 301 877 inest
325 815 400 884 sibi,
426 816 514 877 sicut
538 815 566 875 si
591 833 707 876 coecus
731 815 1037 894 supernaturaliter
1048 814 1171 876 illumi-

213 932 359 990 natatur,
386 941 453 982 non
477 932 617 1003 propter
640 921 705 982 hoc
736 923 891 1001 potentia
915 923 1028 983 visiva
1038 923 1102 983 erit
1118 941 1174 983 su-

212 1029 459 1109 pernaturalis;
485 1048 569 1109 ergo
592 1028 673 1089 licet
689 1038 779 1089 esset
796 1027 997 1090 miraculum
1015 1029 1049 1089 in
1061 1030 1173 1111 primo

213 1136 352 1197 instanti
378 1136 649 1196 conservationis
674 1137 816 1196 istorum
849 1135 1074 1196 accidentium
1098 1136 1174 1195 sine

211 1243 365 1323 subjecto
390 1241 526 1321 quando
557 1239 730 1302 confertur
757 1242 923 1302 accidenti
959 1243 1026 1302 ista
1052 1243 1173 1311 virtus

212 1360 291 1430 post
315 1359 428 1410 tamen
453 1349 552 1409 istam
579 1350 739 1409 virtutem
764 1349 829 1409 erit
850 1348 1007 1409 accidens
1042 1359 1176 1409 natura·

213 1457 291 1516 liter
314 1457 388 1515 sine
412 1455 574 1536 subjecto

303 1561 470 1628 Praelerea,
500 1560 712 1641 impossibile
747 1570 799 1622 est
833 1561 1059 1623 substantiam
1091 1563 1176 1622 acci·

213 1688 293 1750 pere
317 1669 465 1748 aliquam
491 1670 650 1729 virtutem
677 1686 738 1748 per
772 1687 874 1748 quam
909 1667 1099 1749 dependeat
1130 1669 1174 1728 ad

214 1776 306 1836 aliud
331 1794 398 1836 non
424 1775 488 1835 sibi
514 1775 700 1845 inhaerens;
726 1793 811 1856 ergo
827 1774 1041 1856 impossibile
1056 1783 1108 1835 est
1124 1793 1177 1834 ac·

213 1883 331 1943 cidens
354 1883 503 1960 recipere
529 1883 689 1943 virtutem
721 1901 781 1962 per
815 1901 917 1962 quam
951 1892 1069 1962 posset
1098 1900 1177 1942 esse

214 1992 287 2051 sine
312 1989 520 2049 inhaerentia.
551 1989 774 2066 Consequentia
799 1988 971 2069 probatur.
1004 1989 1085 2066 quia
1115 1988 1177 2049 illa

213 2097 281 2158 duo
305 2116 391 2165 esse,
416 2095 545 2157 scilicet
563 2103 625 2173 per
658 2116 690 2155 se
723 2116 789 2156 csse
822 2106 856 2157 ct
891 2096 1046 2155 inhorrere
1077 2115 1177 2175 aequc

214 2205 478 2284 appropriantur
502 2204 586 2274 istis,
623 2202 753 2263 scilicet
788 2204 990 2264 substantiae
1025 2212 1058 2262 et
1093 2204 1179 2271 acci-

214 2311 317 2371 denti.

308 2524 525 2603 Quantum
564 2523 620 2585 ml
658 2522 889 2585 sextaradam
929 2521 1179 2585 Articulum

215 2631 387 2711 praemitto
397 2632 505 2707 primo
521 2629 772 2697 distinctionem
790 2629 921 2688 secundo
935 2626 1090 2690 formabo
1106 2636 1179 2690 tres

216 2737 470 2802 Conclusiones,

305 2842 416 2902 Prr'rrra
429 2845 582 2903 distinctio
595 2852 647 2902 est
661 2844 727 2903 ista
738 2841 831 2922 quod
846 2842 986 2901 accidens
1001 2852 1114 2921 potest
1126 2862 1180 2903 ac·

215 2951 281 3029 cipi
297 2969 358 3028 pro
366 2957 468 3026 perse
479 2950 665 3028 significato,
683 2949 737 3010 vel
750 2968 812 3028 pro
824 2969 858 3008 eo
869 2950 953 3027 quod
960 2950 1182 3008 derwmae'natur

216 3057 258 3116 ab
283 3058 348 3116 isto
373 3075 433 3135 per
456 3076 492 3116 se
506 3052 709 3135 significato.
730 3054 885 3116 Ulterius
901 3055 1099 3135 accipiendo
1114 3074 1180 3135 pro

216 3163 275 3223 illo
300 3162 391 3243 quod
415 3163 654 3222 denominatur
679 3183 699 3222 a
723 3160 917 3241 significato
942 3162 1042 3222 istius
1073 3162 1180 3222 norni-

216 3271 269 3329 nis
293 3269 385 3348 quod
408 3278 460 3329 est
484 3269 650 3337 accidens
677 3277 790 3347 potest
814 3270 920 3347 accipi
946 3267 1000 3328 vel
1017 3286 1080 3347 pro
1094 3268 1181 3327 abso-

216 3378 279 3435 luto
303 3376 359 3435 vel
383 3395 444 3455 pro
469 3377 642 3451 respective.

306 3482 446 3540 Secunda
471 3483 624 3540 dislr'uctio
648 3492 700 3542 est
718 3482 792 3547 ista,
811 3482 902 3561 quod
919 3481 1050 3561 aliquid
1067 3482 1181 3541 inesse

217 3588 368 3667 subjecto
394 3596 506 3667 potest
530 3587 712 3667 dupliciter
747 3589 864 3667 accipi.
901 3586 955 3647 vel
990 3586 1181 3647 secundum
