2600 4200
342 249 532 311 Disrurcr.
558 247 587 310 11
613 247 761 328 Quasr.
785 249 815 313 11
1021 267 1058 314 21

101 455 142 516 ad
167 464 345 534 utranque
369 463 496 534 partem
521 453 743 517 beatificabilis
767 456 817 517 vel
841 455 983 537 perfecte
1010 457 1083 518 bea·

103 569 164 632 tus,
189 569 224 621 et
252 560 320 621 hoe
344 560 507 642 estquod
531 559 609 622 dicit
633 561 843 643 Augustinus
876 563 932 625 lib.
957 563 996 624 de
1018 563 1081 644 spi-

105 668 171 728 ritu
195 679 229 728 et
251 668 385 738 anima,
400 665 467 748 ipse
493 667 584 730 Deus
607 667 712 730 factus
734 678 783 730 est
797 668 907 743 h0m0,
920 679 958 732 ut
974 679 1083 734 totum

107 774 279 836 hominem
298 773 331 835 in
348 793 382 835 se
400 771 608 847 beatificaret,
624 785 658 837 et
680 795 802 855 pascua
817 775 975 838 inveniret
990 777 1079 840 intus

105 891 137 942 et
160 879 251 953 foriS,
278 879 357 941 soris
381 901 502 960 pascua
526 879 558 943 in
592 902 690 943 carne
714 883 899 956 Salvatoris‚
924 883 1021 954 intus,
1047 883 1079 946 in

107 987 280 1048 divinitate
306 986 480 1050 Creatoris.

175 1093 236 1155 Ad
252 1094 404 1174 primum
428 1093 557 1155 alterius
580 1094 743 1175 opinionis
765 1096 839 1158 dico
854 1097 944 1177 quod
965 1117 1080 1159 omnes

106 1200 170 1262 iliae
195 1199 408 1261 auctoritates
434 1211 555 1281 negant
579 1201 691 1262 Deum
716 1222 782 1264 non
806 1201 902 1264 fuisse
933 1202 1078 1266 incarna-

104 1323 180 1368 tum
205 1315 243 1368 ut
270 1305 527 1386 Redemptorem
551 1309 640 1388 quod
676 1309 832 1381 concede,
856 1309 933 1391 quia
963 1310 988 1370 si
1014 1331 1079 1372 non

104 1413 222 1474 fuisset
246 1423 420 1494 peccatum
442 1433 506 1476 non
520 1412 628 1476 fuisset
645 1416 844 1496 redempti0;
869 1417 925 1478 sed
943 1437 1009 1478 non
1027 1438 1082 1479 ne-

105 1529 189 1602 gant
215 1520 328 1582 Deum
345 1541 411 1582 non
428 1519 525 1582 fuisse
540 1523 743 1584 incarnatum
761 1524 925 1604 loquendo
941 1524 982 1584 de
1002 1524 1078 1586 sub-

103 1628 228 1688 stantia
253 1626 484 1689 incarnationis
508 1629 653 1709 praecise.

176 1734 235 1795 Ad
255 1733 432 1795 secundum
456 1734 530 1796 dico
555 1736 643 1816 quod
669 1735 759 1797 Deus
783 1736 958 1818 assumpsit
983 1747 1077 1800 natu·

105 1861 180 1902 ram
194 1839 376 1902 humanam
391 1861 457 1902 non
469 1851 602 1923 propter
616 1843 840 1904 necessitatem
854 1843 990 1904 miseriae
1004 1865 1079 1924 quar

104 1967 154 2007 ex
180 1955 320 2027 peccato
342 1947 454 2020 oritur,
480 1958 516 2010 ut
539 1958 574 2010 tu
599 1948 719 2030 arguis,
744 1950 802 2011 sed
825 1961 960 2031 propter
972 1971 1078 2012 neces-

107 2054 241 2117 sitatem
265 2053 417 2136 perfectae
453 2055 671 2129 beatitudinis
696 2066 733 2120 ut
756 2058 948 2120 ostendebat
983 2058 1077 2121 tertia

108 2161 191 2223 ratio
218 2180 302 2233 mea,
325 2171 357 2223 et
381 2182 442 2243 pro
465 2182 506 2224 eo
530 2164 619 2244 quod
633 2184 802 2226 summum
828 2165 951 2226 bonum
969 2165 1000 2227 in
1025 2186 1079 2227 na-

109 2276 183 2329 tura
220 2268 367 2329 humana
404 2289 469 2331 non
504 2270 601 2331 debet
624 2291 694 2333 esse
716 2271 971 2345 occasionatum,
995 2272 1078 2337 sicut

110 2376 201 2454 ponit
226 2374 369 2436 secunda
394 2376 487 2437 ratio,

175 2590 237 2651 Au
262 2603 339 2653 uuo
363 2604 595 2653 numerumn
620 2600 712 2672 patet
733 2613 776 2653 ex
800 2593 973 2673 praedictis.

175 2695 235 2757 Ad
254 2697 387 2759 tertium
411 2697 484 2759 dico
507 2698 597 2778 quod
622 2718 688 2759 non
712 2697 822 2762 fuisset
846 2700 991 2762 medicus
1014 2702 1076 2762 toi-

114 2800 179 2863 lens
191 2800 413 2865 infirmitatem
437 2805 493 2865 sed
518 2803 630 2865 suisset
654 2806 798 2867 medicus
815 2827 1015 2888 praeservans
1030 2809 1072 2869 ab

114 2905 296 2971 infirmitate
319 2920 351 2971 et
376 2910 514 2991 largiens
538 2909 717 2992 perfectam
742 2912 936 2977 felicitatem.

481 3104 655 3187 Quasrro
678 3108 717 3172 11.

424 3265 569 3329 Secundo
592 3268 754 3348 quaritur

170 3420 270 3477 Utrum
287 3422 364 3478 Deus
383 3423 470 3491 possit
487 3438 633 3480 assumere
650 3428 788 3481 naturum
814 3428 986 3484 rationalem
1010 3444 1074 3497 quia

119 3519 173 3559 uun
191 3508 331 3565 ureretur
348 3525 390 3566 uu.

186 3650 225 3713 Et
247 3655 372 3718 videtur
395 3657 485 3737 quod
510 3678 586 3729 non,
600 3659 677 3739 quia
702 3658 806 3739 major
819 3669 867 3721 est
881 3662 957 3722 unio
971 3662 1074 3743 hypo-

120 3756 227 3819 statica
248 3781 345 3841 quam
369 3762 410 3825 sit
435 3765 511 3826 unio
534 3764 654 3825 animae
677 3768 720 3826 ad
737 3766 847 3827 Deum
861 3787 917 3845 per
935 3769 1073 3844 gratiam
