2600 4200
311 263 500 327 Disrrncs.
525 263 609 326 XIV
632 264 780 348 Qun-sn.
805 265 836 328 11
1000 279 1061 346 117

183 461 264 533 His
282 466 505 552 praemzkst's
526 469 602 533 dico
624 469 667 532 ad
702 469 919 552 quaestionem
943 471 1034 552 quod
1057 470 1083 539 si

124 569 175 634 fiat
196 595 308 637 sermo
330 576 372 638 de
395 576 513 638 notitia
542 576 756 652 abstractiva,
779 585 858 642 tunc
882 577 956 640 dico
992 577 1083 660 quod

123 680 226 741 anima
249 680 373 744 Christi
395 683 487 744 novit
509 683 621 745 omnia
648 683 682 746 in
706 683 839 766 proprio
874 703 992 767 genere
1026 703 1084 766 per

124 787 239 866 species
261 786 386 851 infusas
408 788 468 851 sibi
490 810 512 851 a
534 791 618 864 De0,
643 790 721 872 quia
748 789 909 874 quidquid
932 799 980 854 est
1015 810 1084 872 per·

124 889 264 958 iectionis
286 903 337 958 est
361 896 551 978 ponendum
575 897 607 959 in
630 897 684 960 illa
714 897 832 972 anima,
857 898 883 960 si
919 897 979 960 sibi
1016 917 1082 960 non

122 1010 300 1083 repugnat;
325 1002 382 1064 sed
405 1003 528 1085 species
551 1002 613 1066 illae
637 1002 752 1068 insusae
775 1013 852 1068 sunt
868 1003 1082 1086 perfectiones

122 1103 282 1170 inanima
307 1107 427 1172 Christi
451 1120 597 1192 respectu
620 1111 771 1174 omnium
794 1111 1003 1194 cognitorum
1027 1109 1081 1174 ab·

121 1215 277 1290 stractive,
302 1224 337 1279 et
358 1216 418 1278 sibi
443 1236 509 1279 non
533 1227 704 1300 repugnat,
728 1218 812 1282 sicot
835 1239 901 1282 non
919 1226 1081 1300 repugnat

121 1317 255 1402 Angelis
278 1322 339 1405 qui
361 1321 423 1386 isto
446 1324 548 1386 modo
571 1333 732 1388 noverunt
755 1324 866 1388 omnia
889 1325 921 1388 ln
946 1324 1080 1408 proprio

123 1447 246 1508 genere,
270 1429 351 1512 quia
372 1430 555 1494 secundum
583 1431 812 1514 Augustinum
835 1431 907 1494 Lib.
931 1450 962 1515 4.
987 1441 1084 1514 snper

118 1536 260 1616 genesim
283 1537 335 1599 ad
353 1535 508 1612 litteram,
532 1537 629 1600 simul
643 1547 732 1602 stant
756 1537 901 1620 cognitio
924 1538 957 1602 in
970 1537 1083 1602 Verbo

122 1649 152 1702 et
173 1643 321 1725 cognitio
343 1643 376 1706 in
398 1644 532 1725 proprio
555 1664 694 1727 genere;
718 1665 807 1728 ergo.

184 1749 250 1813 Sed
280 1758 362 1812 tunc
396 1759 480 1813 esset
515 1750 665 1827 dubium,
691 1751 717 1814 si
752 1751 822 1814 istae
858 1736 979 1833 species
1006 1758 1082 1814 sunt

121 1856 239 1936 species
254 1856 481 1938 quidditatnm
505 1866 563 1920 aut
584 1858 822 1941 singularium.
837 1857 913 1920 Non
936 1857 1022 1921 enim
1040 1857 1084 1920 vi-

121 1961 234 2025 dentur
257 1983 330 2026 esse
352 1963 475 2045 species
500 1963 738 2048 singularium,
766 1973 838 2028 tum
866 1965 943 2048 quia
976 1973 1083 2027 essent

121 2067 264 2145 inlinitae,
277 2080 351 2133 tum
375 2069 452 2153 quia
475 2071 569 2153 plura
591 2069 773 2135 accidentia
795 2071 941 2157 ejusdem
965 2070 1082 2154 speciei

121 2187 222 2241 essent
244 2178 345 2241 simul
369 2177 402 2242 in
424 2178 552 2253 eodem,
576 2180 667 2261 quod
690 2187 740 2243 est
773 2178 1002 2243 inconveniens
1037 2199 1082 2243 se

121 2284 264 2347 cundum
287 2284 435 2367 aliquos;
458 2285 515 2347 sed
538 2286 738 2349 contrarium
772 2286 901 2349 videtur
935 2285 1011 2368 quia
1034 2284 1082 2347 in·

120 2392 282 2455 cludentia
306 2390 445 2455 rationes
467 2392 575 2474 primo
609 2392 723 2475 seipsis
747 2391 890 2455 diversas
921 2412 987 2455 non
1011 2413 1083 2474 pos-

119 2508 192 2562 sunt
214 2498 369 2561 distincte
390 2498 544 2581 cognosci
567 2518 745 2582 perunum
768 2520 944 2563 commune
967 2519 1083 2581 reprae-

120 2606 338 2681 sentativum3
362 2605 419 2667 sed
433 2605 602 2668 individua
624 2606 797 2669 includunt
820 2606 959 2669 rationes
976 2605 1083 2687 primo

119 2711 227 2795 seipsis
250 2712 396 2775 diversas
418 2719 455 2774 ut
479 2712 585 2795 patuit
607 2712 680 2775 Lib.
703 2730 735 2777 2.
758 2722 869 2795 quast.
893 2713 932 2775 de
960 2711 1082 2775 indivi-

119 2816 400 2901 dmtn112,·erg0
429 2818 500 2901 ipsa
534 2818 702 2882 individua
737 2839 802 2881 non
838 2827 1082 2901 cognoscuntur

118 2932 247 2988 tantum
263 2944 324 3007 per
340 2944 442 2988 unum
465 2946 643 2989 commune
666 2925 986 3008 repraesentativum
1002 2945 1083 3009 ergo

119 3030 178 3093 illae
201 3030 329 3114 species
350 3040 426 3095 sunt
448 3031 661 3115 singularium
700 3040 733 3095 et
757 3052 823 3095 non
860 3032 1081 3115 quidditntum

117 3156 170 3199 seu
187 3139 421 3202 universalium
445 3139 589 3222 praecise.
611 3136 777 3203 Tenentur
799 3138 878 3202 illud
902 3140 992 3221 quod
1009 3139 1085 3221 plus

119 3245 235 3325 placet.

183 3352 218 3417 Si
242 3360 355 3414 autem
378 3350 435 3416 fiat
457 3352 598 3435 quaestio
631 3353 672 3415 de
706 3352 887 3436 cognitione
910 3352 1080 3429 intm'tiva,

118 3456 161 3519 sic
183 3458 304 3520 dicitur
327 3458 418 3540 quod
440 3457 589 3523 Christus
611 3478 678 3521 non
703 3460 794 3523 novit
817 3460 937 3535 omnia,
961 3468 995 3522 et
1018 3459 1081 3522 hoc

118 3565 244 3627 ratione
266 3574 400 3628 actuum
422 3566 634 3629 existentium
650 3574 683 3629 et
699 3566 923 3649 singularium,
941 3566 1017 3649 quia
1034 3587 1080 3629 re·

118 3682 231 3753 spectu
256 3670 376 3735 horum
399 3672 514 3736 habuit
536 3671 687 3737 notitiam
703 3672 905 3756 acquisitam,
922 3673 1002 3736 etin
1019 3671 1083 3736 hac
