2600 4200
215 239 278 297 300
441 219 515 280 Lm.
542 217 593 278 IV
619 217 925 280 Sauranmaun

1017 325 1021 332 ι
1076 325 1161 334 ,ιω-..ο

189 399 277 459 ratio
297 397 441 477 justitiae
465 397 529 457 nisi
556 398 711 476 superior
726 397 903 476 dispenset
919 396 1032 478 legem
1046 397 1160 457 decla·

190 503 297 564 rando
321 503 377 564 vel
400 521 474 564 eam
498 502 615 582 aliquo
638 512 791 583 tempore
804 502 1005 564 revocando
1024 501 1084 564 Sic
1098 523 1158 563 au·

191 619 260 671 tem
284 611 318 670 in
342 610 518 689 proposito
542 607 624 680 iuit;
650 609 730 670 licet
746 610 837 670 enim
853 618 945 670 esset
957 610 1156 670 institutum

191 725 230 777 ut
252 717 311 776 uni
334 735 404 776 una
426 716 613 776 sociaretur
635 724 670 777 et
700 733 719 776 e
750 733 928 787 converso,
964 726 1079 778 tamen
1111 715 1157 777 ad

189 822 487 902 multiplicandum
511 832 545 883 et
569 822 804 903 generandum
829 821 894 883 Dei
918 822 1068 884 cultores
1086 819 1155 921 luit

189 928 375 1008 aliquando
398 928 644 1009 dispensatum.
671 965 713 972 —
726 929 867 988 Secundo
882 927 1075 990 declaratur
1087 928 1156 989 hoc

192 1034 281 1096 idem
305 1053 350 1094 ex
373 1043 469 1114 parte
492 1043 687 1095 contractus
711 1035 778 1095 sic:
803 1034 941 1113 quando
957 1033 1088 1113 aliquid
1103 1053 1157 1095 or·

193 1140 329 1201 dinatur
367 1140 410 1200 ad
447 1139 597 1220 aliquem
636 1139 738 1201 linem
776 1140 999 1220 principalem
1037 1150 1073 1200 et
1109 1141 1156 1201 ad

193 1247 297 1308 alium
321 1245 422 1307 finem
446 1248 559 1307 minus
594 1246 828 1326 principalem,
864 1245 1067 1308 rationabile
1099 1256 1157 1308 est

191 1355 242 1415 uti
267 1352 327 1413 illo
350 1352 451 1413 modo
475 1371 543 1432 quo
565 1352 680 1433 magis
713 1353 808 1414 valet
844 1352 888 1413 ad
925 1351 1028 1414 finem
1065 1354 1157 1433 prin·

192 1459 400 1539 cipaliorem,
424 1459 504 1520 licet
526 1477 587 1538 per
610 1459 675 1520 hoc
708 1459 840 1539 aliquid
874 1459 1065 1521 detrahitur
1094 1457 1154 1521 fini

193 1567 307 1628 minus
329 1565 519 1645 principali.
544 1567 758 1643 Exemplum:
781 1566 879 1627 cibus
902 1566 996 1627 valet
1025 1566 1069 1627 ad
1099 1567 1158 1627 de-

193 1673 408 1734 lectationem
433 1690 511 1752 quae
536 1681 589 1732 est
612 1673 726 1733 minus
749 1672 958 1752 principalis
982 1683 1018 1733 et
1040 1674 1157 1734 adnu-

193 1779 366 1840 tritionem
383 1797 461 1858 quae
478 1779 590 1859 magis
606 1787 661 1841 est
673 1778 872 1858 principalis
883 1779 1071 1840 secundum
1087 1799 1157 1840 rec·

193 1895 265 1946 tam
287 1885 463 1945 rationem.
488 1883 666 1946 Utendum
690 1885 798 1965 igitur
819 1893 873 1945 est
894 1885 972 1947 cibo
995 1904 1037 1946 eo
1052 1885 1156 1946 modo

193 2009 263 2071 quo
286 1989 364 2070 plus
388 1991 480 2051 valet
503 1991 546 2050 ad
569 1991 790 2051 nutritionem
815 1990 895 2053 licet
911 1992 946 2052 in
959 1991 1024 2052 hoc
1040 1993 1158 2052 minus

195 2097 307 2160 valeat
330 2097 374 2157 ad
397 2096 667 2168 delectationem,
691 2096 753 2159 sed
775 2107 970 2160 contractus
985 2099 1159 2160 matrimo-

195 2205 244 2266 nii
282 2215 334 2265 est
372 2214 510 2284 propter
541 2204 671 2283 prolem
707 2213 868 2284 tanquam
891 2213 1031 2284 propter
1052 2203 1158 2267 finem

195 2311 427 2392 principalem,
453 2320 487 2371 et
509 2320 562 2371 est
586 2311 786 2372 secundario
810 2321 950 2390 propter
964 2309 1158 2373 fornicatio·

195 2436 274 2479 nem
298 2418 489 2489 vitandam;
514 2418 623 2498 igitur
639 2418 826 2478 secundum
843 2427 970 2479 rectam
987 2418 1155 2479 rationem

196 2524 321 2585 debent
344 2524 582 2585 contrahentes
606 2524 656 2583 sic
679 2532 888 2585 commutare
911 2533 950 2584 ut
972 2534 1158 2586 commuta·

196 2630 245 2691 tio
268 2630 346 2710 plus
370 2630 483 2692 valeat
505 2630 549 2690 ad
572 2631 841 2709 procreationem
866 2629 947 2691 licet
969 2631 1085 2693 minus
1101 2650 1159 2692 va·

156 2739 161 2752 '
197 2736 265 2797 leat
288 2737 331 2797 ad
354 2736 447 2797 illam
470 2736 707 2805 redditionem,
742 2745 788 2822 et·
807 2737 857 2797 sic
891 2736 951 2796 tali
985 2737 1088 2798 modo
1118 2736 1158 2799 fit

196 2842 417 2903 commutatio
441 2828 720 2921 corporis'unius
744 2843 809 2903 viri
833 2861 895 2921 pro
918 2842 1076 2922 pluribus
1086 2860 1159 2903 cor·

197 2948 337 3027 poribus
368 2947 558 3008 mulierum.
595 2945 632 3009 Si
668 2957 782 3010 autem
816 2956 869 3008 est
902 2947 966 3009 hoc
1000 2948 1158 3009 absolute

197 3051 399 3123 faciendum,
425 3054 532 3135 igitur
554 3063 708 3133 tempore
732 3055 946 3123 necessitatis
962 3055 1156 3115 necessario

198 3157 400 3221 faciendum.

287 3268 343 3326 Ad
363 3268 549 3326 evadentium
573 3275 687 3328 autem
703 3267 863 3328 secundae
880 3264 1089 3329 difficultatis
1104 3276 1161 3329 est

198 3372 374 3433 sciendum
399 3372 491 3453 quod
514 3373 644 3453 aliquid
678 3372 803 3434 dicitur
837 3373 879 3434 de
912 3373 992 3454 lege
1026 3382 1159 3435 naturae

199 3478 389 3558 dupliciter.
421 3480 490 3540 Uno
514 3480 601 3538 modo
623 3480 785 3559 primario
797 3480 890 3558 quod
901 3489 955 3541 est
966 3481 1055 3541 sicut
1069 3481 1161 3559 prin-

199 3586 326 3664 cipium
350 3586 535 3665 practicum
561 3586 761 3665 simpliciter
784 3594 902 3646 notum
915 3586 1043 3647 lumine
1059 3587 1161 3647 ratio·
