<?xml version="1.0" encoding="UTF-8"?>
<!DOCTYPE html PUBLIC "-//W3C//DTD XHTML 1.0 Transitional//EN"
    "http://www.w3.org/TR/xhtml1/DTD/xhtml1-transitional.dtd">
<html xmlns="http://www.w3.org/1999/xhtml" xml:lang="en" lang="en">
 <head>
  <title>
</title>
<meta http-equiv="Content-Type" content="text/html;charset=utf-8" />
  <meta name='ocr-system' content='tesseract 3.04.00' />
  <meta name='ocr-capabilities' content='ocr_page ocr_carea ocr_par ocr_line ocrx_word'/>
</head>
<body>
  <div class='ocr_page' id='page_1' title='image "./commentariainli02scotgoog_0021.png"; bbox 0 0 2600 4200; ppageno 0'>
   <div class='ocr_carea' id='block_1_1' title="bbox 379 250 1064 332">
    <p class='ocr_par' dir='ltr' id='par_1_1' title="bbox 379 250 1064 332">
     <span class='ocr_line' id='line_1_1' title="bbox 379 250 1064 332; baseline 0.007 -18"><span class='ocrx_word' id='word_1_1' title='bbox 379 252 567 314; x_wconf 75' lang='lat' dir='ltr'>D1sr1ucr.</span> <span class='ocrx_word' id='word_1_2' title='bbox 593 252 606 313; x_wconf 92' lang='lat'><em>1</em></span> <span class='ocrx_word' id='word_1_3' title='bbox 631 250 780 332; x_wconf 66' lang='lat' dir='ltr'>Quasi.</span> <span class='ocrx_word' id='word_1_4' title='bbox 806 255 820 316; x_wconf 92' lang='lat'><em>1</em></span> <span class='ocrx_word' id='word_1_5' title='bbox 1049 267 1064 332; x_wconf 88' lang='lat'>5</span> 
     </span>
    </p>
   </div>
   <div class='ocr_carea' id='block_1_2' title="bbox 484 369 1090 378">
    <p class='ocr_par' dir='ltr' id='par_1_2' title="bbox 484 369 1090 378">
     <span class='ocr_line' id='line_1_2' title="bbox 484 369 1090 378; baseline 0.008 -4"><span class='ocrx_word' id='word_1_6' title='bbox 484 369 654 376; x_wconf 46' lang='grc' dir='ltr'>...ς-ψ</span> <span class='ocrx_word' id='word_1_7' title='bbox 674 371 954 378; x_wconf 68' lang='grc'><em>...-.,-.------.</em></span> <span class='ocrx_word' id='word_1_8' title='bbox 1015 373 1021 378; x_wconf 88' lang='lat'><em>-</em></span> <span class='ocrx_word' id='word_1_9' title='bbox 1048 369 1090 376; x_wconf 77' lang='lat'>---</span> 
     </span>
    </p>
   </div>
   <div class='ocr_carea' id='block_1_3' title="bbox 110 457 1089 3742">
    <p class='ocr_par' dir='ltr' id='par_1_3' title="bbox 116 457 1089 646">
     <span class='ocr_line' id='line_1_3' title="bbox 117 457 1089 540; baseline 0 -20"><span class='ocrx_word' id='word_1_10' title='bbox 117 459 354 540; x_wconf 61' lang='lat' dir='ltr'>negationem</span> <span class='ocrx_word' id='word_1_11' title='bbox 378 457 434 518; x_wconf 85' lang='lat' dir='ltr'>sed</span> <span class='ocrx_word' id='word_1_12' title='bbox 470 477 608 538; x_wconf 87' lang='lat' dir='ltr'>persona</span> <span class='ocrx_word' id='word_1_13' title='bbox 642 457 722 520; x_wconf 89' lang='lat' dir='ltr'>dicit</span> <span class='ocrx_word' id='word_1_14' title='bbox 753 458 984 540; x_wconf 81' lang='lat' dir='ltr'>perfectionem</span> <span class='ocrx_word' id='word_1_15' title='bbox 1016 461 1089 521; x_wconf 93' lang='lat' dir='ltr'>sim-</span> 
     </span>
     <span class='ocr_line' id='line_1_4' title="bbox 116 565 379 646; baseline -0.008 -21"><span class='ocrx_word' id='word_1_16' title='bbox 116 565 262 646; x_wconf 88' lang='lat' dir='ltr'>pliciter;</span> <span class='ocrx_word' id='word_1_17' title='bbox 288 584 379 644; x_wconf 86' lang='lat' dir='ltr'>ergo.</span> 
     </span>
    </p>

    <p class='ocr_par' dir='ltr' id='par_1_4' title="bbox 111 670 1089 2460">
     <span class='ocr_line' id='line_1_5' title="bbox 184 670 1089 756; baseline 0.002 -23"><span class='ocrx_word' id='word_1_18' title='bbox 184 672 367 733; x_wconf 69' lang='lat' dir='ltr'>Praeterea:</span> <span class='ocrx_word' id='word_1_19' title='bbox 413 670 489 732; x_wconf 84' lang='lat' dir='ltr'>Non</span> <span class='ocrx_word' id='word_1_20' title='bbox 523 679 571 732; x_wconf 90' lang='lat' dir='ltr'>est</span> <span class='ocrx_word' id='word_1_21' title='bbox 606 671 922 735; x_wconf 90' lang='lat' dir='ltr'>incommunicabilis</span> <span class='ocrx_word' id='word_1_22' title='bbox 958 673 1089 756; x_wconf 82' lang='lat' dir='ltr'>negatio</span> 
     </span>
     <span class='ocr_line' id='line_1_6' title="bbox 118 777 1089 861; baseline 0.004 -23"><span class='ocrx_word' id='word_1_23' title='bbox 118 777 175 839; x_wconf 89' lang='lat' dir='ltr'>nisi</span> <span class='ocrx_word' id='word_1_24' title='bbox 199 798 258 859; x_wconf 85' lang='lat' dir='ltr'>per</span> <span class='ocrx_word' id='word_1_25' title='bbox 283 777 556 850; x_wconf 63' lang='lat' dir='ltr'>affirmationem</span> <span class='ocrx_word' id='word_1_26' title='bbox 581 779 637 840; x_wconf 90' lang='lat' dir='ltr'>sed</span> <span class='ocrx_word' id='word_1_27' title='bbox 661 779 870 860; x_wconf 89' lang='lat' dir='ltr'>suppositum</span> <span class='ocrx_word' id='word_1_28' title='bbox 883 781 933 840; x_wconf 89' lang='lat' dir='ltr'>vel</span> <span class='ocrx_word' id='word_1_29' title='bbox 951 800 1089 861; x_wconf 87' lang='lat' dir='ltr'>persona</span> 
     </span>
     <span class='ocr_line' id='line_1_7' title="bbox 118 883 1088 968; baseline 0.002 -22"><span class='ocrx_word' id='word_1_30' title='bbox 118 885 192 946; x_wconf 90' lang='lat' dir='ltr'>dicit</span> <span class='ocrx_word' id='word_1_31' title='bbox 217 883 643 961; x_wconf 89' lang='lat' dir='ltr'>incommunicabilitatem;</span> <span class='ocrx_word' id='word_1_32' title='bbox 668 906 748 966; x_wconf 85' lang='lat' dir='ltr'>ergo</span> <span class='ocrx_word' id='word_1_33' title='bbox 784 907 850 948; x_wconf 94' lang='lat' dir='ltr'>non</span> <span class='ocrx_word' id='word_1_34' title='bbox 874 887 951 948; x_wconf 93' lang='lat' dir='ltr'>dicit</span> <span class='ocrx_word' id='word_1_35' title='bbox 975 888 1088 968; x_wconf 80' lang='lat' dir='ltr'>praeci-</span> 
     </span>
     <span class='ocr_line' id='line_1_8' title="bbox 117 991 1086 1074; baseline 0.003 -22"><span class='ocrx_word' id='word_1_36' title='bbox 117 1011 184 1052; x_wconf 86' lang='lat' dir='ltr'>sam</span> <span class='ocrx_word' id='word_1_37' title='bbox 211 991 437 1072; x_wconf 85' lang='lat' dir='ltr'>negationem.</span> <span class='ocrx_word' id='word_1_38' title='bbox 463 991 572 1052; x_wconf 86' lang='lat' dir='ltr'>Potest</span> <span class='ocrx_word' id='word_1_39' title='bbox 588 1001 698 1053; x_wconf 87' lang='lat' dir='ltr'>tamen</span> <span class='ocrx_word' id='word_1_40' title='bbox 722 993 825 1054; x_wconf 87' lang='lat' dir='ltr'>teneri</span> <span class='ocrx_word' id='word_1_41' title='bbox 843 993 947 1074; x_wconf 89' lang='lat' dir='ltr'>prima</span> <span class='ocrx_word' id='word_1_42' title='bbox 963 994 1086 1074; x_wconf 88' lang='lat' dir='ltr'>opini0,</span> 
     </span>
     <span class='ocr_line' id='line_1_9' title="bbox 117 1080 1084 1181; baseline 0.003 -23"><span class='ocrx_word' id='word_1_43' title='bbox 117 1099 204 1179; x_wconf 89' lang='lat' dir='ltr'>quod</span> <span class='ocrx_word' id='word_1_44' title='bbox 232 1117 377 1178; x_wconf 87' lang='lat' dir='ltr'>persona</span> <span class='ocrx_word' id='word_1_45' title='bbox 411 1096 488 1159; x_wconf 92' lang='lat' dir='ltr'>dicit</span> <span class='ocrx_word' id='word_1_46' title='bbox 522 1080 734 1178; x_wconf 78' lang='lat' dir='ltr'>negationem</span> <span class='ocrx_word' id='word_1_47' title='bbox 767 1100 1003 1181; x_wconf 65' lang='lat' dir='ltr'>dependentia,</span> <span class='ocrx_word' id='word_1_48' title='bbox 1028 1101 1084 1161; x_wconf 88' lang='lat' dir='ltr'>sed</span> 
     </span>
     <span class='ocr_line' id='line_1_10' title="bbox 115 1204 1085 1286; baseline 0.004 -22"><span class='ocrx_word' id='word_1_49' title='bbox 115 1215 162 1265; x_wconf 86' lang='lat' dir='ltr'>est</span> <span class='ocrx_word' id='word_1_50' title='bbox 186 1205 313 1285; x_wconf 85' lang='lat' dir='ltr'>triplex</span> <span class='ocrx_word' id='word_1_51' title='bbox 350 1204 574 1283; x_wconf 85' lang='lat' dir='ltr'>dependentiae</span> <span class='ocrx_word' id='word_1_52' title='bbox 613 1206 756 1285; x_wconf 80' lang='lat' dir='ltr'>negati0,</span> <span class='ocrx_word' id='word_1_53' title='bbox 791 1207 911 1267; x_wconf 90' lang='lat' dir='ltr'>scilicet</span> <span class='ocrx_word' id='word_1_54' title='bbox 954 1207 1085 1286; x_wconf 74' lang='lat' dir='ltr'>negatio</span> 
     </span>
     <span class='ocr_line' id='line_1_11' title="bbox 116 1311 1087 1394; baseline 0.002 -22"><span class='ocrx_word' id='word_1_55' title='bbox 116 1311 351 1393; x_wconf 81' lang='lat' dir='ltr'>dependentiae</span> <span class='ocrx_word' id='word_1_56' title='bbox 374 1311 524 1381; x_wconf 80' lang='lat' dir='ltr'>actualis.</span> <span class='ocrx_word' id='word_1_57' title='bbox 551 1321 582 1371; x_wconf 92' lang='lat' dir='ltr'>et</span> <span class='ocrx_word' id='word_1_58' title='bbox 607 1312 742 1388; x_wconf 69' lang='lat' dir='ltr'>negatio</span> <span class='ocrx_word' id='word_1_59' title='bbox 765 1313 991 1394; x_wconf 75' lang='lat' dir='ltr'>dependentia·</span> <span class='ocrx_word' id='word_1_60' title='bbox 1005 1313 1087 1393; x_wconf 79' lang='lat' dir='ltr'>apti-</span> 
     </span>
     <span class='ocr_line' id='line_1_12' title="bbox 117 1418 1086 1500; baseline 0.004 -22"><span class='ocrx_word' id='word_1_61' title='bbox 117 1419 292 1487; x_wconf 79' lang='lat' dir='ltr'>tudr&#39;mzlr&#39;s.</span> <span class='ocrx_word' id='word_1_62' title='bbox 318 1428 350 1478; x_wconf 91' lang='lat' dir='ltr'>et</span> <span class='ocrx_word' id='word_1_63' title='bbox 376 1418 507 1498; x_wconf 86' lang='lat' dir='ltr'>negatio</span> <span class='ocrx_word' id='word_1_64' title='bbox 531 1418 761 1498; x_wconf 79' lang='lat' dir='ltr'>dependentiae</span> <span class='ocrx_word' id='word_1_65' title='bbox 787 1419 1028 1500; x_wconf 73' lang='lat' dir='ltr'>potrtrlt&#39;unalis‚</span> <span class='ocrx_word' id='word_1_66' title='bbox 1053 1430 1086 1482; x_wconf 93' lang='lat' dir='ltr'>et</span> 
     </span>
     <span class='ocr_line' id='line_1_13' title="bbox 117 1523 1086 1608; baseline 0.006 -25"><span class='ocrx_word' id='word_1_67' title='bbox 117 1523 186 1585; x_wconf 85' lang='lat' dir='ltr'>istae</span> <span class='ocrx_word' id='word_1_68' title='bbox 212 1525 407 1606; x_wconf 81' lang='lat' dir='ltr'>negationes</span> <span class='ocrx_word' id='word_1_69' title='bbox 431 1525 634 1605; x_wconf 90' lang='lat' dir='ltr'>reperiuntur</span> <span class='ocrx_word' id='word_1_70' title='bbox 661 1526 693 1586; x_wconf 95' lang='lat' dir='ltr'>in</span> <span class='ocrx_word' id='word_1_71' title='bbox 706 1527 850 1607; x_wconf 90' lang='lat' dir='ltr'>personis</span> <span class='ocrx_word' id='word_1_72' title='bbox 866 1526 991 1598; x_wconf 87' lang='lat' dir='ltr'>divinis,</span> <span class='ocrx_word' id='word_1_73' title='bbox 1009 1527 1086 1608; x_wconf 87' lang='lat' dir='ltr'>qnia</span> 
     </span>
     <span class='ocr_line' id='line_1_14' title="bbox 115 1632 1084 1714; baseline -0.001 -18"><span class='ocrx_word' id='word_1_74' title='bbox 115 1653 173 1696; x_wconf 86' lang='lat' dir='ltr'>nec</span> <span class='ocrx_word' id='word_1_75' title='bbox 197 1640 277 1694; x_wconf 86' lang='lat' dir='ltr'>actu</span> <span class='ocrx_word' id='word_1_76' title='bbox 311 1632 508 1712; x_wconf 86' lang='lat' dir='ltr'>dependent,</span> <span class='ocrx_word' id='word_1_77' title='bbox 541 1652 600 1693; x_wconf 91' lang='lat' dir='ltr'>nec</span> <span class='ocrx_word' id='word_1_78' title='bbox 628 1642 705 1712; x_wconf 86' lang='lat' dir='ltr'>apte</span> <span class='ocrx_word' id='word_1_79' title='bbox 739 1642 826 1694; x_wconf 85' lang='lat' dir='ltr'>natae</span> <span class='ocrx_word' id='word_1_80' title='bbox 860 1643 936 1695; x_wconf 91' lang='lat' dir='ltr'>sunt</span> <span class='ocrx_word' id='word_1_81' title='bbox 967 1635 1084 1714; x_wconf 85' lang='lat' dir='ltr'>depen-</span> 
     </span>
     <span class='ocr_line' id='line_1_15' title="bbox 114 1740 1085 1821; baseline 0 -19"><span class='ocrx_word' id='word_1_82' title='bbox 114 1741 200 1812; x_wconf 84' lang='lat' dir='ltr'><strong>dere,</strong></span> <span class='ocrx_word' id='word_1_83' title='bbox 227 1759 290 1800; x_wconf 90' lang='lat' dir='ltr'>nec</span> <span class='ocrx_word' id='word_1_84' title='bbox 314 1748 451 1819; x_wconf 80' lang='lat' dir='ltr'>possunt</span> <span class='ocrx_word' id='word_1_85' title='bbox 475 1740 667 1819; x_wconf 84' lang='lat' dir='ltr'>dependere.</span> <span class='ocrx_word' id='word_1_86' title='bbox 692 1741 779 1802; x_wconf 82' lang='lat' dir='ltr'>Duae</span> <span class='ocrx_word' id='word_1_87' title='bbox 803 1751 912 1801; x_wconf 90' lang='lat' dir='ltr'>autem</span> <span class='ocrx_word' id='word_1_88' title='bbox 944 1742 1085 1821; x_wconf 75' lang='lat' dir='ltr'>negatio</span> 
     </span>
     <span class='ocr_line' id='line_1_16' title="bbox 115 1844 1084 1928; baseline 0 -20"><span class='ocrx_word' id='word_1_89' title='bbox 115 1867 169 1908; x_wconf 88' lang='lat' dir='ltr'>nes</span> <span class='ocrx_word' id='word_1_90' title='bbox 193 1844 363 1907; x_wconf 84' lang='lat' dir='ltr'>sufiiciunt</span> <span class='ocrx_word' id='word_1_91' title='bbox 386 1845 427 1905; x_wconf 91' lang='lat' dir='ltr'>ad</span> <span class='ocrx_word' id='word_1_92' title='bbox 453 1846 715 1925; x_wconf 86' lang='lat' dir='ltr'>personalitatem</span> <span class='ocrx_word' id='word_1_93' title='bbox 739 1847 947 1917; x_wconf 81' lang='lat' dir='ltr'>mercaturis,</span> <span class='ocrx_word' id='word_1_94' title='bbox 964 1856 996 1908; x_wconf 91' lang='lat' dir='ltr'>et</span> <span class='ocrx_word' id='word_1_95' title='bbox 1014 1868 1084 1928; x_wconf 82' lang='lat' dir='ltr'>pro</span> 
     </span>
     <span class='ocr_line' id='line_1_17' title="bbox 114 1952 1084 2034; baseline 0.001 -20"><span class='ocrx_word' id='word_1_96' title='bbox 114 1963 161 2014; x_wconf 84' lang='lat' dir='ltr'>ter</span> <span class='ocrx_word' id='word_1_97' title='bbox 185 1952 354 2013; x_wconf 90' lang='lat' dir='ltr'>defectum</span> <span class='ocrx_word' id='word_1_98' title='bbox 379 1952 559 2032; x_wconf 83' lang='lat' dir='ltr'>negationis</span> <span class='ocrx_word' id='word_1_99' title='bbox 591 1953 818 2034; x_wconf 84' lang='lat' dir='ltr'>dependentiae</span> <span class='ocrx_word' id='word_1_100' title='bbox 854 1955 997 2027; x_wconf 86' lang='lat' dir='ltr'>actualis,</span> <span class='ocrx_word' id='word_1_101' title='bbox 1027 1975 1084 2016; x_wconf 91' lang='lat' dir='ltr'>na-</span> 
     </span>
     <span class='ocr_line' id='line_1_18' title="bbox 116 2058 1084 2143; baseline 0.003 -22"><span class='ocrx_word' id='word_1_102' title='bbox 116 2069 187 2121; x_wconf 85' lang='lat' dir='ltr'>tura</span> <span class='ocrx_word' id='word_1_103' title='bbox 212 2058 360 2121; x_wconf 87' lang='lat' dir='ltr'>humana</span> <span class='ocrx_word' id='word_1_104' title='bbox 384 2058 416 2121; x_wconf 92' lang='lat' dir='ltr'>in</span> <span class='ocrx_word' id='word_1_105' title='bbox 441 2058 570 2123; x_wconf 87' lang='lat' dir='ltr'>Christo</span> <span class='ocrx_word' id='word_1_106' title='bbox 596 2069 882 2142; x_wconf 86' lang='lat' dir='ltr'>nonestpersona,</span> <span class='ocrx_word' id='word_1_107' title='bbox 906 2071 938 2123; x_wconf 91' lang='lat' dir='ltr'>et</span> <span class='ocrx_word' id='word_1_108' title='bbox 952 2071 1084 2143; x_wconf 86' lang='lat' dir='ltr'>propter</span> 
     </span>
     <span class='ocr_line' id='line_1_19' title="bbox 113 2166 1082 2248; baseline 0.004 -21"><span class='ocrx_word' id='word_1_109' title='bbox 113 2166 282 2229; x_wconf 87' lang='lat' dir='ltr'>defectum</span> <span class='ocrx_word' id='word_1_110' title='bbox 307 2166 458 2227; x_wconf 68' lang='lat' dir='ltr'>secundae</span> <span class='ocrx_word' id='word_1_111' title='bbox 483 2166 710 2247; x_wconf 74' lang='lat' dir='ltr'>dependentia:</span> <span class='ocrx_word' id='word_1_112' title='bbox 727 2168 835 2229; x_wconf 87' lang='lat' dir='ltr'>anima</span> <span class='ocrx_word' id='word_1_113' title='bbox 848 2180 996 2248; x_wconf 89' lang='lat' dir='ltr'>separata</span> <span class='ocrx_word' id='word_1_114' title='bbox 1017 2190 1082 2231; x_wconf 93' lang='lat' dir='ltr'>non</span> 
     </span>
     <span class='ocr_line' id='line_1_20' title="bbox 111 2272 1083 2356; baseline 0.002 -21"><span class='ocrx_word' id='word_1_115' title='bbox 111 2282 161 2335; x_wconf 86' lang='lat' dir='ltr'>est</span> <span class='ocrx_word' id='word_1_116' title='bbox 186 2292 338 2353; x_wconf 79' lang='lat' dir='ltr'>persona,</span> <span class='ocrx_word' id='word_1_117' title='bbox 362 2282 394 2334; x_wconf 90' lang='lat' dir='ltr'>et</span> <span class='ocrx_word' id='word_1_118' title='bbox 419 2293 475 2353; x_wconf 84' lang='lat' dir='ltr'>per</span> <span class='ocrx_word' id='word_1_119' title='bbox 499 2272 562 2336; x_wconf 89' lang='lat' dir='ltr'>hoc</span> <span class='ocrx_word' id='word_1_120' title='bbox 586 2282 677 2355; x_wconf 89' lang='lat' dir='ltr'>patet</span> <span class='ocrx_word' id='word_1_121' title='bbox 705 2274 824 2336; x_wconf 89' lang='lat' dir='ltr'>solutio</span> <span class='ocrx_word' id='word_1_122' title='bbox 859 2275 952 2356; x_wconf 89' lang='lat' dir='ltr'>primi</span> <span class='ocrx_word' id='word_1_123' title='bbox 989 2296 1083 2356; x_wconf 81' lang='lat' dir='ltr'>argu-</span> 
     </span>
     <span class='ocr_line' id='line_1_21' title="bbox 114 2364 553 2460; baseline 0 -19"><span class='ocrx_word' id='word_1_124' title='bbox 114 2378 216 2441; x_wconf 90' lang='lat' dir='ltr'>menti</span> <span class='ocrx_word' id='word_1_125' title='bbox 243 2364 359 2460; x_wconf 72' lang='lat' dir='ltr'>primae</span> <span class='ocrx_word' id='word_1_126' title='bbox 384 2379 553 2460; x_wconf 79' lang='lat' dir='ltr'>opinionis,</span> 
     </span>
    </p>

    <p class='ocr_par' dir='ltr' id='par_1_5' title="bbox 112 2484 1083 2886">
     <span class='ocr_line' id='line_1_22' title="bbox 182 2484 1083 2569; baseline 0.003 -23"><span class='ocrx_word' id='word_1_127' title='bbox 182 2484 242 2546; x_wconf 76' lang='lat' dir='ltr'>Ad</span> <span class='ocrx_word' id='word_1_128' title='bbox 262 2486 437 2547; x_wconf 76' lang='lat' dir='ltr'>secundum</span> <span class='ocrx_word' id='word_1_129' title='bbox 461 2498 692 2569; x_wconf 77' lang='lat' dir='ltr'>argummtum</span> <span class='ocrx_word' id='word_1_130' title='bbox 717 2489 821 2569; x_wconf 91' lang='lat' dir='ltr'>patuit</span> <span class='ocrx_word' id='word_1_131' title='bbox 854 2487 907 2549; x_wconf 79' lang='lat' dir='ltr'>lib.</span> <span class='ocrx_word' id='word_1_132' title='bbox 934 2507 963 2549; x_wconf 82' lang='grc' dir='ltr'>Ι.</span> <span class='ocrx_word' id='word_1_133' title='bbox 990 2488 1083 2551; x_wconf 80' lang='lat' dir='ltr'>Suffi-</span> 
     </span>
     <span class='ocr_line' id='line_1_23' title="bbox 112 2592 1080 2676; baseline 0.002 -22"><span class='ocrx_word' id='word_1_134' title='bbox 112 2593 156 2654; x_wconf 91' lang='lat' dir='ltr'>cit</span> <span class='ocrx_word' id='word_1_135' title='bbox 180 2593 269 2653; x_wconf 87' lang='lat' dir='ltr'>enim</span> <span class='ocrx_word' id='word_1_136' title='bbox 294 2592 385 2673; x_wconf 90' lang='lat' dir='ltr'>quod</span> <span class='ocrx_word' id='word_1_137' title='bbox 409 2613 474 2654; x_wconf 90' lang='lat' dir='ltr'>non</span> <span class='ocrx_word' id='word_1_138' title='bbox 487 2594 573 2655; x_wconf 88' lang='lat' dir='ltr'>dicat</span> <span class='ocrx_word' id='word_1_139' title='bbox 590 2594 883 2676; x_wconf 84' lang='lat' dir='ltr'>imperfectionem,</span> <span class='ocrx_word' id='word_1_140' title='bbox 901 2596 978 2656; x_wconf 89' lang='lat' dir='ltr'>dato</span> <span class='ocrx_word' id='word_1_141' title='bbox 990 2596 1080 2676; x_wconf 90' lang='lat' dir='ltr'>quod</span> 
     </span>
     <span class='ocr_line' id='line_1_24' title="bbox 113 2698 1081 2779; baseline 0.002 -18"><span class='ocrx_word' id='word_1_142' title='bbox 113 2720 179 2761; x_wconf 90' lang='lat' dir='ltr'>non</span> <span class='ocrx_word' id='word_1_143' title='bbox 204 2699 293 2760; x_wconf 88' lang='lat' dir='ltr'>dicat</span> <span class='ocrx_word' id='word_1_144' title='bbox 318 2698 559 2779; x_wconf 81' lang='lat' dir='ltr'>perfectionem,</span> <span class='ocrx_word' id='word_1_145' title='bbox 584 2701 667 2764; x_wconf 88' lang='lat' dir='ltr'>sicut</span> <span class='ocrx_word' id='word_1_146' title='bbox 689 2702 918 2763; x_wconf 82' lang='lat' dir='ltr'>innascibilitas</span> <span class='ocrx_word' id='word_1_147' title='bbox 934 2702 965 2763; x_wconf 97' lang='lat' dir='ltr'>in</span> <span class='ocrx_word' id='word_1_148' title='bbox 988 2703 1081 2764; x_wconf 88' lang='lat' dir='ltr'>Patre</span> 
     </span>
     <span class='ocr_line' id='line_1_25' title="bbox 113 2804 596 2886; baseline 0 -19"><span class='ocrx_word' id='word_1_149' title='bbox 113 2826 179 2867; x_wconf 91' lang='lat' dir='ltr'>non</span> <span class='ocrx_word' id='word_1_150' title='bbox 205 2806 284 2866; x_wconf 91' lang='lat' dir='ltr'>dicit</span> <span class='ocrx_word' id='word_1_151' title='bbox 307 2804 596 2886; x_wconf 89' lang='lat' dir='ltr'>imperfectionem.</span> 
     </span>
    </p>

    <p class='ocr_par' dir='ltr' id='par_1_6' title="bbox 110 2912 1081 3742">
     <span class='ocr_line' id='line_1_26' title="bbox 181 2912 1081 2995; baseline 0.003 -22"><span class='ocrx_word' id='word_1_152' title='bbox 181 2912 242 2973; x_wconf 75' lang='lat' dir='ltr'>Ad</span> <span class='ocrx_word' id='word_1_153' title='bbox 262 2912 392 2973; x_wconf 80' lang='lat' dir='ltr'>tertium</span> <span class='ocrx_word' id='word_1_154' title='bbox 428 2913 573 2975; x_wconf 86' lang='lat' dir='ltr'>concedo</span> <span class='ocrx_word' id='word_1_155' title='bbox 596 2914 687 2995; x_wconf 93' lang='lat' dir='ltr'>quod</span> <span class='ocrx_word' id='word_1_156' title='bbox 711 2914 792 2976; x_wconf 88' lang='lat' dir='ltr'>sicut</span> <span class='ocrx_word' id='word_1_157' title='bbox 830 2916 938 2995; x_wconf 88' lang='lat' dir='ltr'>aliqua</span> <span class='ocrx_word' id='word_1_158' title='bbox 966 2926 1081 2976; x_wconf 86' lang='lat' dir='ltr'>natura</span> 
     </span>
     <span class='ocr_line' id='line_1_27' title="bbox 112 3018 1079 3100; baseline 0.005 -21"><span class='ocrx_word' id='word_1_159' title='bbox 112 3028 161 3080; x_wconf 88' lang='lat' dir='ltr'>est</span> <span class='ocrx_word' id='word_1_160' title='bbox 185 3018 466 3081; x_wconf 83' lang='lat' dir='ltr'>communicabilis</span> <span class='ocrx_word' id='word_1_161' title='bbox 483 3039 540 3100; x_wconf 84' lang='lat' dir='ltr'>per</span> <span class='ocrx_word' id='word_1_162' title='bbox 556 3019 759 3082; x_wconf 89' lang='lat' dir='ltr'>identitatem</span> <span class='ocrx_word' id='word_1_163' title='bbox 786 3022 868 3083; x_wconf 87' lang='lat' dir='ltr'>utin</span> <span class='ocrx_word' id='word_1_164' title='bbox 886 3023 1010 3094; x_wconf 77' lang='lat' dir='ltr'>divinis,</span> <span class='ocrx_word' id='word_1_165' title='bbox 1029 3023 1079 3084; x_wconf 85' lang='lat' dir='ltr'>vel</span> 
     </span>
     <span class='ocr_line' id='line_1_28' title="bbox 112 3123 1078 3207; baseline 0.004 -22"><span class='ocrx_word' id='word_1_166' title='bbox 112 3145 170 3206; x_wconf 89' lang='lat' dir='ltr'>per</span> <span class='ocrx_word' id='word_1_167' title='bbox 194 3123 468 3199; x_wconf 85' lang='lat' dir='ltr'>informationem,</span> <span class='ocrx_word' id='word_1_168' title='bbox 495 3126 538 3187; x_wconf 90' lang='lat' dir='ltr'>ita</span> <span class='ocrx_word' id='word_1_169' title='bbox 565 3127 772 3207; x_wconf 86' lang='lat' dir='ltr'>suppositum</span> <span class='ocrx_word' id='word_1_170' title='bbox 789 3137 836 3188; x_wconf 88' lang='lat' dir='ltr'>est</span> <span class='ocrx_word' id='word_1_171' title='bbox 861 3128 1078 3191; x_wconf 90' lang='lat' dir='ltr'>incommuni-</span> 
     </span>
     <span class='ocr_line' id='line_1_29' title="bbox 112 3230 1077 3317; baseline 0.004 -23"><span class='ocrx_word' id='word_1_172' title='bbox 112 3232 216 3294; x_wconf 84' lang='lat' dir='ltr'>cabile</span> <span class='ocrx_word' id='word_1_173' title='bbox 240 3230 607 3295; x_wconf 86' lang='lat' dir='ltr'>incommunicabilitate</span> <span class='ocrx_word' id='word_1_174' title='bbox 645 3235 795 3315; x_wconf 87' lang='lat' dir='ltr'>opposita</span> <span class='ocrx_word' id='word_1_175' title='bbox 836 3236 910 3297; x_wconf 88' lang='lat' dir='ltr'>lmic</span> <span class='ocrx_word' id='word_1_176' title='bbox 957 3236 1077 3317; x_wconf 85' lang='lat' dir='ltr'>duplici</span> 
     </span>
     <span class='ocr_line' id='line_1_30' title="bbox 111 3338 1078 3423; baseline 0.002 -22"><span class='ocrx_word' id='word_1_177' title='bbox 111 3338 447 3411; x_wconf 87' lang='lat' dir='ltr'>communicabilitati‚</span> <span class='ocrx_word' id='word_1_178' title='bbox 473 3339 548 3419; x_wconf 90' lang='lat' dir='ltr'>quia</span> <span class='ocrx_word' id='word_1_179' title='bbox 573 3361 637 3402; x_wconf 94' lang='lat' dir='ltr'>non</span> <span class='ocrx_word' id='word_1_180' title='bbox 662 3351 710 3402; x_wconf 85' lang='lat' dir='ltr'>cst</span> <span class='ocrx_word' id='word_1_181' title='bbox 726 3343 997 3404; x_wconf 84' lang='lat' dir='ltr'>communicabile</span> <span class='ocrx_word' id='word_1_182' title='bbox 1021 3364 1078 3423; x_wconf 88' lang='lat' dir='ltr'>per</span> 
     </span>
     <span class='ocr_line' id='line_1_31' title="bbox 111 3444 1078 3524; baseline 0.004 -19"><span class='ocrx_word' id='word_1_183' title='bbox 111 3444 317 3507; x_wconf 85' lang='lat' dir='ltr'>identitatem</span> <span class='ocrx_word' id='word_1_184' title='bbox 342 3463 401 3504; x_wconf 87' lang='lat' dir='ltr'>nec</span> <span class='ocrx_word' id='word_1_185' title='bbox 426 3464 482 3524; x_wconf 84' lang='lat' dir='ltr'>per</span> <span class='ocrx_word' id='word_1_186' title='bbox 506 3444 780 3508; x_wconf 90' lang='lat' dir='ltr'>informationem.</span> <span class='ocrx_word' id='word_1_187' title='bbox 805 3448 849 3508; x_wconf 89' lang='lat' dir='ltr'>Et</span> <span class='ocrx_word' id='word_1_188' title='bbox 872 3449 1078 3509; x_wconf 87' lang='lat' dir='ltr'>cumdicitur</span> 
     </span>
     <span class='ocr_line' id='line_1_32' title="bbox 110 3550 1074 3632; baseline 0.004 -19"><span class='ocrx_word' id='word_1_189' title='bbox 110 3552 199 3632; x_wconf 92' lang='lat' dir='ltr'>quod</span> <span class='ocrx_word' id='word_1_190' title='bbox 225 3552 315 3613; x_wconf 89' lang='lat' dir='ltr'>nulla</span> <span class='ocrx_word' id='word_1_191' title='bbox 353 3550 484 3631; x_wconf 84' lang='lat' dir='ltr'>negatio</span> <span class='ocrx_word' id='word_1_192' title='bbox 521 3562 568 3614; x_wconf 91' lang='lat' dir='ltr'>est</span> <span class='ocrx_word' id='word_1_193' title='bbox 607 3554 922 3616; x_wconf 88' lang='lat' dir='ltr'>incommunicabilis</span> <span class='ocrx_word' id='word_1_194' title='bbox 962 3556 1003 3617; x_wconf 92' lang='lat' dir='ltr'>de</span> <span class='ocrx_word' id='word_1_195' title='bbox 1031 3578 1074 3630; x_wconf 87' lang='lat' dir='ltr'>se,</span> 
     </span>
     <span class='ocr_line' id='line_1_33' title="bbox 112 3662 785 3742; baseline 0.007 -24"><span class='ocrx_word' id='word_1_196' title='bbox 112 3678 224 3721; x_wconf 86' lang='lat' dir='ltr'>verum</span> <span class='ocrx_word' id='word_1_197' title='bbox 248 3669 298 3720; x_wconf 84' lang='lat' dir='ltr'>est</span> <span class='ocrx_word' id='word_1_198' title='bbox 323 3667 447 3738; x_wconf 78' lang='lat' dir='ltr'>utque,</span> <span class='ocrx_word' id='word_1_199' title='bbox 471 3670 608 3740; x_wconf 83' lang='lat' dir='ltr'>negatur</span> <span class='ocrx_word' id='word_1_200' title='bbox 632 3671 670 3722; x_wconf 79' lang='lat' dir='ltr'>ut</span> <span class='ocrx_word' id='word_1_201' title='bbox 690 3662 785 3742; x_wconf 79' lang='lat' dir='ltr'>qitod.</span> 
     </span>
    </p>
   </div>
   <div class='ocr_carea' id='block_1_4' title="bbox 0 0 1304 4200">
    <p class='ocr_par' dir='ltr' id='par_1_7' title="bbox 0 0 1304 4200">
     <span class='ocr_line' id='line_1_34' title="bbox 0 0 1304 4200; baseline 0 2"><span class='ocrx_word' id='word_1_202' title='bbox 0 0 1304 4200; x_wconf 95' lang='lat' dir='ltr'> </span> 
     </span>
    </p>
   </div>
  </div>
 </body>
</html>
