2600 4200
263 263 266 270 ,
371 193 560 255 Drsrrucr.
587 192 659 254 XV
685 192 879 273 Quium
1024 170 1083 273 197

143 389 264 433 sumus
286 372 352 433 sibi
376 372 573 451 impendere
596 373 688 452 quod
713 391 781 433 non
799 374 843 433 sit
860 373 924 433 sibi
942 372 1108 435 debitum.

144 515 187 527 -
211 478 305 541 Dicit
328 497 413 560 ergo
436 478 496 540 iffa
519 479 636 559 opinio
660 478 752 559 quod
776 480 811 541 in
837 480 963 541 virtute
979 481 1108 559 passio-

144 588 199 647 nis
222 584 348 647 Christi
370 594 484 666 potest
497 588 666 667 'peccator
689 583 885 647 satisfacere
897 585 939 647 de
954 597 1109 666 peccato,

142 694 226 772 quia
247 692 310 754 illa
330 694 446 772 passio
470 694 640 755 intantum
664 700 860 773 acceptatur
878 712 898 753 a
913 692 1000 763 Deo,
1017 702 1054 754 ut
1071 694 1106 754 in

144 800 271 860 virtute
295 799 369 879 ejus
392 808 588 880 acceptatur
611 800 679 861 ista
690 797 879 860 satisfactio
895 818 974 879 quae
990 818 1109 861 seeun-

143 906 225 967 dum
249 925 286 967 se
310 916 449 985 accepta
472 924 540 967 non
564 915 685 985 posset
707 923 783 967 esse
807 903 1004 967 satisfactio.

234 1011 271 1074 Si
297 1022 409 1073 autem
434 1013 551 1093 opinio
575 1015 641 1073 ista
671 1012 844 1093 intelligat
877 1013 919 1073 de
953 1014 1109 1093 potentia

144 1118 210 1180 Dei
236 1118 404 1189 absoluta,
428 1120 522 1200 quod
545 1138 613 1179 non
629 1129 747 1199 posset
765 1129 941 1199 acceptare
957 1119 1107 1201 aliquem

144 1236 257 1286 actum
281 1226 483 1305 poenitentis
505 1235 668 1305 tanquam
686 1223 954 1287 satisfactionem
975 1224 1106 1305 justam

143 1351 207 1412 pro
231 1340 381 1412 peccato,
406 1332 473 1392 nisi
497 1332 701 1412 inquantum
729 1332 950 1413 conjungitur
984 1332 1108 1393 merito

142 1439 317 1518 passionis
339 1436 477 1507 Christi,
502 1436 626 1499 falsum
650 1446 713 1507 est,
738 1439 821 1518 quia
854 1439 1018 1518 possibile
1042 1435 1109 1499 fuit

144 1544 270 1607 Filium
295 1544 360 1605 Dei
385 1563 453 1605 non
476 1541 584 1605 fuisse
607 1546 832 1615 incarnatum,
858 1564 921 1606 nec
944 1564 1005 1625 per
1028 1562 1108 1606 con·

143 1670 292 1732 sequens
321 1670 473 1731 passum,
507 1661 542 1712 et
576 1668 653 1711 cum
688 1650 752 1711 hoc
787 1650 951 1731 possibile
985 1648 1135 1713 fuisset-

144 1758 256 1820 Deum
268 1757 473 1838 perduxisse
488 1756 771 1838 praedestinatum
789 1758 832 1825 ad
847 1758 1108 1829 beatitudinem

144 1865 251 1946 igitur
273 1864 438 1945 possibile
461 1862 526 1926 fuit
548 1873 629 1925 tunc
656 1865 881 1944 poenitentem
899 1862 1106 1929 satisfacere.

145 2007 186 2015 -
210 1968 440 2038 Confirmatur
462 1990 523 2051 per
547 1970 787 2052 Augustinum
812 1990 860 2048 13.
886 1972 937 2031 De
969 1972 1056 2033 Tria.
1080 1993 1105 2037 c.

142 2098 172 2156 4.
186 2102 198 2137 .·
222 2075 287 2140 fnit
310 2078 448 2160 quidem
472 2086 506 2140 et
534 2077 641 2155 alius
658 2078 780 2140 modus
805 2088 935 2148 nostrael
955 2078 1109 2159 redemp-

143 2187 248 2248 tionis
271 2185 449 2266 possibilis
472 2203 574 2266 quam
598 2204 660 2265 per
683 2186 951 2248 incarnationem
975 2195 1009 2246 et
1032 2205 1109 2268 pas·

143 2294 285 2365 sionem,
310 2292 370 2353 sed
387 2291 503 2354 nullus
530 2302 658 2353 nostrae
684 2293 833 2353 miseriae
850 2291 1013 2354 sanandae
1029 2311 1109 2354 con·

143 2399 336 2461 venientior
359 2396 434 2460 fuit.
459 2435 499 2442 —
525 2397 622 2468 Item,
647 2398 764 2479 passio
788 2397 914 2461 Christi
934 2419 1001 2462 non
1015 2399 1107 2462 delet

143 2505 280 2586 culpam
303 2515 466 2576 nostram,
492 2507 557 2567 nisi
582 2515 621 2567 ut
644 2515 697 2566 est
724 2525 829 2568 causa
862 2509 1046 2576 meritoria,
1072 2516 1107 2568 et

143 2631 205 2693 per
227 2631 442 2693 consequens
465 2622 503 2674 ut
527 2613 678 2674 secunda
700 2631 805 2675 causa
828 2615 862 2674 in
879 2632 1007 2695 genere
1030 2621 1109 2673 ca'u-

144 2737 193 2780 sae
217 2716 405 2790 efficientis;
430 2720 491 2780 sed
514 2719 682 2799 quidquid
706 2729 820 2799 potest
843 2719 939 2781 Deus
973 2739 1034 2800 per
1057 2739 1108 2780 se·

145 2825 293 2903 cundem
320 2844 458 2887 causam
493 2823 706 2894 efficientem,
741 2835 856 2906 potest
890 2827 1106 2898 immediate.;

145 2952 230 3013 ergo
254 2933 328 2993 sine
352 2931 412 2993 illa
434 2943 548 3013 potest
568 2933 660 3012 juste
684 2934 856 2994 remittere
880 2934 1026 3014 culpam.

234 3039 396 3112 Quantum
419 3039 464 3098 ad
493 3041 588 3098 ritum
612 3040 794 3099 Articulum
818 3049 871 3100 est
896 3057 986 3101 unus
1017 3040 1107 3100 alius

143 3146 266 3207 modus
289 3145 423 3206 dicendi
447 3164 549 3224 quem
573 3155 684 3215 teneo,
710 3147 801 3226 quod
818 3147 860 3207 de
872 3147 1027 3227 potentia
1043 3165 1106 3206 sua

143 3251 301 3313 absoluta
323 3261 437 3331 potest
459 3253 541 3314 dare
563 3254 733 3332 peccatori
770 3263 848 3334 post
884 3254 1105 3320 attritionem,

143 3368 316 3438 tamquam
341 3368 420 3439 post
443 3360 703 3440 dispositionem
723 3379 926 3442 congruam
952 3372 985 3420 et
1009 3362 1108 3422 meria

143 3475 216 3526 tum
241 3465 283 3526 de
306 3483 471 3546 congruo,
496 3468 642 3548 gratiam
668 3485 854 3546 perquam
883 3476 997 3528 motus
1031 3466 1106 3546 ejus

141 3571 240 3632 fieret
262 3574 433 3643 contriti0,
458 3583 492 3634 et
515 3575 564 3634 sic
587 3593 649 3653 per
674 3571 941 3634 satisfactionem
959 3574 1106 3634 dimitte-
