2600 4200
152 800 472 908 Distinctio
506 711 769 907 XXVllI
800 806 860 908 et
886 799 1113 907 XXIX.

424 1074 501 1149 iiic
531 1075 665 1172 quaeri
699 1073 845 1149 solet...

245 1285 337 1345 (irco
365 1284 448 1345 Dz'sl.
472 1288 515 1345 28
537 1292 568 1344 el
596 1304 646 1361 29,
675 1304 781 1363 quoero
804 1286 882 1343 duas
910 1285 1113 1359 Quoesltuues.

151 1390 283 1452 Primo:
316 1392 430 1451 Utrum
453 1392 537 1451 solus
568 1412 732 1451 consensus
766 1396 919 1469 expresus
936 1396 999 1469 per
1021 1390 1116 1449 uerba

150 1498 188 1557 de
205 1499 361 1575 prasenti
384 1505 489 1557 causet
522 1500 768 1559 matrimonium.
795 1495 967 1559 Secundo:
1000 1498 1116 1558 Uirum

151 1624 318 1664 emisensus
340 1611 460 1664 coactus
487 1605 624 1684 sufficiat
655 1606 700 1664 ad
730 1605 972 1665 contrahendum
1007 1605 1116 1663 oratri-

151 1712 303 1771 monium.

514 1991 697 2073 Quffisno
721 1994 748 2055 I.

266 2155 323 2214 Ad
337 2157 481 2232 primam
507 2155 717 2229 Quoestzonem
740 2159 784 2214 sic
802 2157 1001 2232 proceditur:

241 2332 390 2394 Videtur
405 2332 499 2412 quod
515 2333 609 2395 solus
625 2352 814 2394 consensus
843 2353 1029 2413 expressus
1054 2353 1115 2414 per

150 2440 258 2500 verba
280 2439 323 2500 de
346 2441 509 2519 praesenti
534 2459 602 2501 non
618 2449 736 2501 causet
752 2441 1017 2509 matrimonium,
1034 2442 1116 2520 quia

151 2564 253 2606 omne
269 2547 445 2608 vinculum
458 2546 501 2606 ad
514 2547 606 2625 quod
621 2555 736 2626 potest
752 2547 848 2625 sequi
862 2547 987 2626 copula
1002 2565 1116 2607 carna-

150 2652 196 2713 lis
211 2654 286 2713 sine
301 2662 442 2732 peccato
453 2663 506 2714 est
517 2653 787 2726 matrimonium;
809 2654 869 2713 sed
881 2663 960 2734 post
976 2671 1116 2714 consen-

151 2777 227 2820 sum
237 2778 439 2838 expressum
448 2761 564 2820 verbis
572 2759 614 2820 de
626 2757 741 2820 futuro
753 2769 867 2840 potest
883 2761 979 2839 sequi
993 2759 1116 2838 copula

149 2865 299 2926 carnalis
322 2867 396 2926 sine
419 2875 580 2945 peccato;
605 2885 690 2947 ergo
715 2885 782 2926 non
800 2866 910 2927 solum
927 2885 1115 2927 consensus

149 2989 212 3050 per
234 2972 341 3032 verba
364 2971 406 3032 de
429 2974 592 3052 praesenti
616 2983 735 3033 causat
758 2973 1023 3033 matrimonium.
1038 2972 1116 3032 Pro-
1150 3001 1153 3011 ·

150 3079 233 3138 butio
256 3081 398 3146 minoris,
427 3081 507 3159 quia
532 3078 772 3140 contrahentes
795 3098 857 3158 per
880 3080 986 3140 verba
1009 3079 1051 3140 de
1067 3077 1116 3140 fu·

151 3195 231 3246 turo
255 3187 284 3245 si
313 3185 567 3266 conjungantur
583 3186 764 3247 carnaliter
780 3195 861 3246 tunc
879 3187 934 3246 isti
959 3205 1027 3246 non
1052 3183 1116 3246 for·

150 3293 309 3352 nicantur
332 3311 394 3352 nec
419 3292 664 3362 adulterantur,
688 3295 791 3353 immo
827 3302 992 3372 sequente
1027 3293 1115 3352 inter

151 3417 212 3459 eos
235 3398 360 3478 copula
382 3399 539 3468 carnalis,
564 3397 721 3459 Ecclesia
744 3399 827 3459 dicit
840 3417 915 3459 esse
932 3399 1020 3459 inter
1037 3398 1115 3460 illos

150 3505 417 3566 matrimonium.

240 3612 281 3670 In
304 3612 498 3671 contrarium
523 3622 577 3672 est
600 3610 771 3694 Magister
794 3614 827 3671 in
852 3613 952 3671 litera.
