2600 4200
295 275 486 338 Drsrnrcr.
512 275 556 338 111
581 273 729 356 Quasi.
754 275 769 338 1
996 287 1035 354 35

109 479 191 542 habet
214 492 386 562 peccatum
411 482 578 564 originale,
600 489 632 544 et
655 483 802 564 quilibet,
826 491 988 564 quantum
1011 491 1061 546 est

112 585 201 660 dese,
224 591 433 651 contraheret
467 589 623 671 originale
646 598 819 671 peccatum
844 590 904 651 nisi
929 609 1062 670 praeser-

113 705 221 756 varetur
243 718 262 757 a
287 696 373 769 De0,
397 706 432 758 et
456 697 500 758 sic
523 697 618 759 beata
642 697 748 778 Virgo
772 696 988 758 contraxisset
1001 696 1061 758 ori·

113 800 199 880 ginale
222 814 398 884 peccatum
425 803 484 865 nisi
509 803 620 866 luisset
644 803 869 885 privilegiata;
893 813 926 866 et
949 804 994 865 sic
1017 803 1062 866 in·

110 908 239 990 telligunt
263 911 379 974 Sancti
404 911 535 992 ubique,
559 913 637 993 quia
660 909 766 993 Virgo
779 909 840 972 luit
864 921 1060 992 praeservata

111 1033 144 1074 ex
163 1018 285 1098 speciali
311 1018 492 1100 privilegio
507 1018 580 1080 ideo
593 1037 659 1080 non
683 1018 799 1080 habuit
815 1017 972 1100 originale
988 1038 1062 1098 pec·

108 1129 209 1184 catum.
227 1124 294 1187 Sed
319 1124 534 1207 respondetur
560 1126 603 1188 ad
626 1125 807 1206 quamlibet
830 1124 1059 1188 auctoritatem

110 1247 215 1306 perse.

161 1338 215 1400 Ad
227 1340 380 1420 primam
405 1338 595 1421 Augustini,
631 1341 778 1401 concedo
810 1339 902 1421 quod
926 1338 1060 1421 quilibet

107 1439 191 1505 habet
224 1447 383 1528 originale
406 1456 567 1527 quantum
600 1468 642 1509 ex
667 1457 759 1528 parte
793 1457 977 1528 parentum,
1003 1446 1059 1508 sed

107 1546 194 1625 inse,
218 1573 284 1616 non
312 1561 451 1636 oportet,
476 1555 501 1616 si
525 1563 741 1636 praeservetur
763 1575 783 1615 a
808 1554 891 1616 Deo.

160 1659 215 1720 Ad
233 1661 415 1722 secundum
439 1660 556 1722 dicitur
579 1661 670 1742 quod
693 1661 874 1722 Anselmus
898 1681 965 1723 non
981 1660 1059 1722 dicit

108 1761 135 1824 id
154 1767 326 1829 asserendo
349 1769 406 1828 sed
429 1787 472 1830 ex
496 1769 639 1848 quadam
664 1767 888 1849 suppositione
911 1767 1058 1849 discipuli

104 1873 184 1949 quod
217 1874 242 1935 si
267 1874 375 1956 Virgo
409 1883 493 1936 esset
526 1886 685 1957 concepta
717 1874 748 1936 in
784 1885 919 1956 peccato
950 1875 1059 1937 adhuc
1175 1889 1179 1898 '

103 1997 172 2038 caro
193 1979 314 2043 Christi
338 1980 450 2044 suisset
475 1983 606 2044 munda.
632 1983 693 2045 Vel
718 1983 835 2044 dicitur
858 1983 948 2064 quod
980 1991 1059 2045 tunc

107 2082 277 2151 Anselmus
302 2086 361 2151 suit
384 2089 467 2151 illius
501 2089 672 2171 opinionis,
709 2099 818 2153 tamen
844 2089 1058 2171 postmodum

105 2210 154 2269 per
176 2195 370 2257 miraculum
395 2195 597 2269 informatus,
611 2198 715 2259 tenuit
738 2198 928 2279 oppositum
953 2207 1059 2279 utpa-

104 2306 144 2359 tet
164 2299 193 2361 in
229 2301 379 2383 Epistola
414 2324 516 2383 quam
550 2304 678 2385 scripsit
700 2304 742 2366 ad
766 2303 950 2386 Episcopos
985 2304 1057 2367 An-

107 2405 181 2483 gliae‚
204 2408 261 2470 ubi
285 2409 379 2471 dicit:
405 2409 481 2471 Non
504 2411 603 2472 credo
626 2432 702 2472 eum
726 2432 795 2474 esse
829 2432 943 2473 verum
967 2432 1059 2473 ama-

101 2520 196 2575 torem
220 2516 367 2597 Virginis
378 2517 434 2598 qui
459 2518 579 2599 respuit
592 2518 753 2580 celebrare
777 2517 895 2580 festum
910 2518 1057 2599 Concep

105 2618 200 2681 tionis.

160 2729 216 2791 Ad
236 2732 371 2823 tertium
394 2731 511 2795 dicitur
534 2732 625 2814 quod
638 2733 823 2794 communis
837 2732 955 2794 modus
967 2752 1056 2794 sanc·

105 2840 204 2897 torum
220 2845 269 2899 est
286 2858 361 2899 cum
380 2838 556 2920 loquuntur
573 2839 605 2901 in
622 2840 789 2901 communi
806 2839 848 2901 de
864 2838 973 2921 aliqua
989 2859 1057 2900 ma-

106 2941 176 3003 teria
199 2964 266 3006 non
290 2945 464 3007 excludere
497 2946 651 3027 aliquem,
676 2947 754 3008 dato
777 2948 867 3028 quod
899 2945 940 3007 de
972 2945 1059 3007 sacto

99 3045 137 3107 sit
147 3050 309 3125 exclusus,
322 3060 355 3113 et
367 3052 443 3133 quia
455 3052 524 3115 Leo
538 3052 733 3135 loquebatur
745 3053 778 3114 in
791 3051 969 3125 communi,
985 3052 1057 3114 ideo

100 3170 161 3216 non
183 3156 259 3220 lecit
283 3160 480 3222 mentionem
498 3161 671 3242 specialem
684 3160 884 3242 deVirgine,
908 3161 1061 3239 quamvis

107 3258 172 3341 ipsa
195 3264 236 3325 sit
259 3265 392 3327 exclusa
414 3288 434 3329 a
457 3275 556 3330 reatu.

162 3370 221 3433 Ad
239 3384 403 3453 quartum,
428 3374 470 3436 ad
495 3375 698 3437 Bernardum
722 3375 838 3437 dicitur
854 3374 945 3456 quod
961 3394 1059 3436 suum

98 3472 220 3539 dictum
245 3498 311 3541 non
334 3480 470 3542 asseruit
491 3482 569 3563 quia
592 3482 783 3545 correctioni
808 3480 943 3543 Domini
960 3482 1059 3562 Papae

103 3577 184 3643 illam
209 3584 390 3665 Epistolam
414 3587 578 3669 supponit.
603 3590 714 3652 Aliter
736 3588 813 3651 dicit
830 3588 964 3669 quidam
985 3589 1062 3650 doe·

101 3692 159 3763 tor,
181 3692 299 3755 scilicet
321 3687 437 3771 Varro,
459 3695 551 3777 quod
574 3696 759 3759 Bernardus
779 3695 966 3758 retractavit
984 3702 1061 3774 post
