2600 4200
232 259 292 300 110
458 239 533 300 Lm.
558 237 610 299 IV
636 235 943 301 Sententiarum

203 415 377 496 puloru1n;
402 435 470 497 quo
495 427 607 478 autem
632 416 752 477 ordine
775 417 936 496 deinceps
963 423 1164 484 sumeretur,

204 521 396 604 Apostolis,
420 541 482 603 per
505 541 592 603 quos
616 521 791 584 Ecclesias
821 523 1050 604 dispositurus
1080 531 1164 592 erat,

205 631 395 691 reservavit
418 629 617 690 docendum.

561 875 744 958 Qun-:sno
769 877 813 939 ΙΙ.

307 1037 362 1096 Ad
381 1037 546 1096 secundam
574 1037 783 1112 Quoestionem
806 1039 851 1096 sic
870 1038 1064 1115 proceditur:

294 1177 441 1240 Videtur
457 1177 549 1258 quod
566 1197 634 1240 non
651 1180 697 1239 sit
712 1177 877 1258 possibile
893 1176 1025 1258 Corpus
1036 1175 1162 1239 Christi

204 1284 268 1345 sub
292 1286 406 1364 specie
429 1287 529 1365 panis
552 1296 586 1345 et
611 1286 682 1345 vini
707 1286 873 1346 veraciter
890 1284 1066 1352 contineri,
1084 1285 1166 1363 quia

205 1409 273 1452 non
298 1391 365 1452 alio
388 1392 491 1452 modo
515 1409 551 1452 se
576 1390 705 1452 habent
728 1393 861 1472 species
894 1391 993 1470 panis
1027 1399 1061 1450 et
1091 1391 1163 1451 vini

205 1496 248 1557 ad
272 1495 404 1577 Corpus
428 1496 555 1558 Christi
579 1505 659 1578 post
682 1499 971 1558 consecrationem
995 1515 1167 1576 quaman-

205 1613 259 1676 te;
285 1605 345 1664 sed
368 1614 446 1664 ante
470 1605 761 1665 consecrationem
785 1602 918 1683 Corpus
942 1602 1067 1664 Christi
1096 1621 1164 1663 non

206 1711 443 1771 continebatur
482 1711 649 1771 veraciter
688 1711 752 1772 sub
788 1709 968 1790 speciebus
1001 1710 1101 1788 panis
1130 1718 1165 1769 et

205 1817 293 1888 vini;
319 1817 425 1897 igitur
449 1835 510 1878 nec
534 1826 664 1896 postea.

295 1923 333 1982 ln
357 1925 550 1982 contrarium
574 1921 821 2003 est-Magister
844 1925 878 1981 in
901 1923 993 1981 litera
1016 1921 1166 2001 probans

205 2049 267 2111 per
290 2029 415 2091 multas
439 2031 659 2090 auctoritates
682 2030 747 2090 hoc
771 2047 846 2090 esse
869 2028 1042 2109 possibile.

296 2136 339 2198 lu
364 2150 448 2197 1sun
472 2148 700 2211 Qurusuons
723 2146 804 2198 sunt
826 2146 897 2197 tres
921 2134 1080 2197 Articuli.
1094 2135 1167 2195 Pri-

205 2265 255 2304 mo
279 2254 331 2305 cst
355 2243 539 2305 videndum
564 2244 646 2323 quid
671 2245 717 2304 sit
731 2242 798 2305 fide
814 2242 1008 2304 tenendum.
1027 2242 1167 2303 Secundo

206 2358 258 2411 est
282 2370 386 2410 unum
411 2350 551 2411 dubium
576 2350 831 2419 removendum,
849 2350 978 2411 scilicet
995 2349 1167 2429 quomodo

207 2457 252 2516 sit
276 2455 439 2535 possibile
463 2454 596 2535 Corpus
620 2454 747 2518 Christi
772 2474 847 2516 esse
871 2455 913 2515 de
938 2474 1028 2516 novo
1055 2456 1090 2515 in
1120 2453 1168 2515 al·

207 2564 271 2623 tari
296 2564 369 2623 sine
393 2564 445 2624 sui
470 2563 668 2623 mutatione.
703 2563 805 2622 Tertio
828 2571 880 2622 est
919 2560 986 2621 tale
1024 2561 1166 2622 dubium

207 2669 461 2739 removendum,
494 2687 570 2729 cum
606 2668 719 2729 hostia
753 2669 798 2728 sit
832 2686 939 2747 parva
968 2677 1003 2727 et
1033 2665 1168 2746 Corpus

207 2774 334 2835 Christi
358 2794 533 2857 magnum,
558 2775 730 2855 quomodo
754 2783 867 2854 potest
905 2773 1070 2834 contineri
1102 2773 1166 2834 sub

207 2881 329 2942 hostia.

297 3075 360 3137 De
379 3075 535 3153 murno,
559 3076 635 3137 dico
660 3076 753 3155 quod
771 3072 904 3155 Corpus
927 3074 1053 3136 Christi
1087 3092 1168 3135 vere

207 3191 260 3242 est
284 3182 331 3242 ibi
355 3181 499 3251 realiter,
525 3180 597 3241 Ista
620 3191 733 3242 autem
757 3182 885 3241 veritas
908 3178 973 3241 fuit
996 3200 1015 3240 a
1045 3181 1170 3259 princi·

208 3290 266 3369 pio
290 3306 452 3367 expresse
477 3288 601 3348 tradita
624 3308 669 3349 ex
693 3307 761 3367 quo
785 3286 1002 3349 Eucharistia
1028 3284 1094 3347 fuit
1120 3288 1169 3347 in-

209 3397 338 3465 stituta,
364 3404 402 3455 ut
425 3404 518 3474 patet
542 3392 665 3456 Matth.
694 3398 743 3455 26.
771 3395 827 3456 ubi
846 3392 1003 3456 Christus
1019 3395 1079 3454 ait:
1099 3394 1168 3453 Hoc

208 3508 255 3561 est
275 3508 385 3579 corpus
408 3520 530 3565 meum:
553 3511 587 3561 et
608 3502 704 3580 Joan.
731 3504 760 3561 ὁ.
802 3502 882 3561 Caro
916 3521 985 3560 mea
1019 3519 1090 3559 vere
1123 3506 1171 3558 est

208 3606 301 3673 cibus,
330 3617 407 3680 etc.;
433 3616 467 3668 et
491 3606 571 3668 Luc,
600 3628 649 3668 21.
677 3608 745 3667 Hoc
767 3614 813 3667 est
837 3613 948 3686 corpus
982 3626 1093 3675 meum,
1133 3616 1169 3667 et
