2600 4200
210 403 329 480 cipalis,
358 413 396 465 ut
419 413 532 484 caput,
560 414 594 466 et
628 413 710 466 tunc
744 414 858 486 potest
892 406 1073 486 baptizari;
1106 425 1174 466 non

211 510 302 570 enim
326 519 379 571 est
402 510 588 572 verisimile
605 511 698 590 quod
715 512 749 572 in
765 511 821 573 die
837 511 1060 574 Pentecostes
1071 531 1177 593 quan-

210 616 255 676 do
278 615 440 696 baptizati
465 627 545 679 sunt
569 619 635 679 tria
657 617 767 680 millia
790 620 858 679 Act.
883 637 929 687 2.,
956 619 1050 699 quod
1077 619 1176 700 quili-

210 722 268 783 bet
291 732 457 804 quantum
488 725 530 785 ad
564 733 674 786 totum
709 743 834 806 corpus
867 743 968 788 suum
1002 724 1176 787 lavaretur

210 847 308 910 aqua,
334 829 394 892 sed
417 832 561 910 praecise
584 842 750 913 quantum
766 832 810 894 ad
825 829 946 894 faciem
958 832 1175 914 aspergendo

210 935 267 998 vel
290 946 455 1017 quantum
480 937 523 999 ad
556 949 660 1018 caput
693 936 943 1019 perfundend03
978 948 1013 1000 et
1046 940 1081 1000 in
1113 938 1174 1000 illo

210 1060 302 1112 casu,
327 1045 356 1106 si
380 1063 465 1124 puer
499 1054 620 1126 postea
654 1055 858 1115 nasceretur,
894 1063 963 1107 non
1000 1054 1175 1127 oporteret

210 1152 322 1229 ipsum
346 1151 389 1236 de
413 1170 504 1212 novo
527 1151 701 1232 baptizari.
727 1149 765 1214 Si
789 1163 903 1214 autem
928 1162 1070 1234 apparet
1092 1171 1174 1232 pars

209 1259 315 1317 minus
332 1259 532 1336 principalis,
561 1259 649 1321 sicut
676 1268 729 1320 est
762 1277 885 1321 manus
920 1259 976 1320 vel
1008 1277 1080 1340 pes,
1114 1259 1174 1320 illa

208 1373 262 1426 est
284 1364 497 1444 baptizanda,
522 1366 603 1445 quia
627 1367 662 1427 in
686 1384 727 1427 ea
757 1376 810 1428 est
843 1375 917 1428 tota
950 1366 1064 1427 anima
1093 1365 1175 1427 licet

208 1489 277 1532 non
302 1489 421 1532 omnes
444 1472 683 1552 sensus‚.,quia
706 1491 828 1545 sensus
866 1473 989 1554 vigent
1022 1473 1174 1533 maxime

209 1579 243 1638 in
269 1579 390 1657 capite,
414 1587 449 1638 et
473 1579 522 1639 sic
545 1578 657 1640 adhuc
683 1579 798 1641 minus
831 1575 1002 1640 sufficeret
1032 1578 1076 1639 ad
1107 1578 1173 1640 hoc

208 1684 301 1764 quod
324 1693 415 1746 esset
437 1684 640 1764 baptizatus,
664 1695 738 1746 esto
762 1685 855 1766 quod
878 1694 1083 1754 nasceretur,
1106 1686 1174 1747 snb

209 1790 404 1851 conditione
427 1791 653 1871 baptizandus
676 1801 777 1861 esset,
812 1801 851 1854 ut
884 1791 1026 1853 docetur
1052 1791 1172 1853 Extra.

208 1898 245 1957 de
269 1897 429 1975 Baptismo
452 1905 483 1958 el
503 1899 571 1974 ejus
593 1898 712 1977 effectu,
740 1899 783 1960 de
806 1899 932 1979 quibus
948 1898 1089 1959 dubium
1106 1908 1172 1960 est.

209 2002 422 2065 Credendum
447 2014 500 2066 est
523 2005 613 2065 enim
638 2004 730 2084 quod
754 2003 850 2065 Deus
873 2003 1032 2084 suppleat
1059 2005 1094 2064 in
1109 2005 1173 2065 tali

208 2130 300 2179 casu,
326 2112 354 2173 si
379 2111 462 2191 quid
485 2130 546 2191 per
569 2106 806 2192 impotentiam
829 2122 883 2174 est
905 2113 1079 2173 omissum.

297 2305 359 2367 AD
383 2319 656 2368 ARGUMENTUM
673 2320 713 2367 IN
730 2319 996 2374 CONTRARIUM.
1009 2326 1177 2369 concessa

209 2414 336 2489 majore,
354 2424 499 2493 negetur
511 2416 623 2473 minor.
639 2413 698 2475 Ad
707 2414 931 2491 probationem,
951 2432 1030 2475 cum
1046 2414 1175 2474 dicitur

209 2518 300 2598 quod
324 2529 500 2599 peccatum
526 2540 593 2581 non
617 2529 671 2582 est
694 2522 768 2582 sine
791 2520 966 2589 electione,
983 2520 1061 2582 dico
1078 2522 1174 2600 quod

209 2644 327 2686 verum
352 2635 405 2686 est
428 2627 470 2687 de
494 2638 634 2707 peccato
658 2627 793 2694 actuali.
819 2646 886 2688 non
910 2638 1024 2688 autem
1041 2627 1084 2688 de
1095 2646 1176 2707 pec-

208 2741 284 2793 cato
308 2733 478 2814 originali.

564 2976 746 3061 Quasno
771 2981 815 3043 ΙΙ.

308 3124 363 3181 Ad
383 3125 546 3183 sectandam
575 3125 784 3198 Quoeslzonem
808 3127 852 3185 sic
871 3125 1070 3203 proceditur:

297 3272 443 3335 Videtur
467 3274 559 3355 quod
582 3275 718 3355 parvuli
742 3296 811 3337 non
826 3276 992 3355 recipiant
1009 3273 1174 3337 effectum

174 3402 176 3407 ·
207 3380 386 3459 Baptismi‚
412 3383 493 3460 quia
516 3383 629 3464 gratia
651 3402 719 3443 non
751 3382 851 3445 datur
885 3383 959 3444 sine
991 3380 1077 3453 fide;
1110 3384 1175 3445 sed

204 3486 340 3565 parvuli
366 3506 434 3548 non
458 3488 584 3550 habent
607 3486 725 3561 fidem;
766 3469 874 3571 igitur
895 3492 946 3551 eis
969 3509 1038 3551 non
1070 3490 1176 3555 datur

207 3594 326 3671 gratia.
353 3593 463 3653 Minor
486 3596 659 3675 probatur,
683 3598 727 3657 ad
747 3598 838 3657 Rom.
864 3616 911 3658 ro.
