2600 4200
220 256 286 327 240
464 241 539 304 Lm.
564 242 610 305 111
634 240 930 306 Ssnrnnsmnun

194 446 320 519 Primo,
348 467 423 529 quae
446 457 479 510 et
502 456 585 530 quot
607 456 683 510 sunt
717 456 883 530 praecepta
913 447 1082 529 Decalogi.
1109 447 1167 510 Se-

193 554 306 628 cundo,
331 554 468 636 qualiter
491 563 658 637 praecepta
690 554 849 637 Decalogi
882 563 974 617 erant
1009 553 1164 617 distincta

193 660 226 723 in
249 659 377 723 tabulis.
408 660 521 737 Tertio,
546 662 571 723 si
596 660 707 724 omnia
730 671 896 744 praecepta
916 660 1074 743 Decalogi
1097 662 1166 724 sint

197 767 239 829 de
262 765 334 849 lege
358 776 493 829 naturae.

268 978 492 1066 Quantum
516 982 581 1048 ad
603 981 810 1065 primum
845 980 920 1043 dico
955 980 1046 1062 quod
1080 1000 1166 1062 prae-

193 1096 288 1169 cepta
312 1076 468 1169 Decalogi
492 1098 568 1150 sunt
591 1089 717 1159 decem,
741 1108 882 1171 quorum
915 1087 997 1149 ratio
1019 1096 1054 1149 et
1076 1089 1165 1150 suffi-

192 1192 309 1257 cientia
333 1194 377 1256 sic
400 1194 573 1277 accipitur:
599 1215 676 1257 nam
710 1196 794 1257 sicut
828 1193 994 1276 legislator
1027 1194 1070 1255 ad
1092 1193 1162 1255 duo

193 1300 411 1382 principaliter
434 1300 581 1373 intendit,
599 1302 711 1382 primo
745 1310 782 1363 ut
815 1300 937 1363 subditi
970 1300 1163 1363 ordinentur

191 1407 234 1468 ad
258 1407 447 1489 principem,
465 1406 607 1489 ‘secundo
631 1415 666 1469 ut
689 1406 878 1470 ordinentur
893 1406 937 1469 ad
952 1427 987 1469 se
1009 1406 1159 1481 invicem,

192 1513 400 1576 consimiliter
423 1523 588 1596 praecepta
620 1512 791 1596 Decalogi
812 1522 870 1576 aut
903 1513 1094 1575 ordinantur
1117 1513 1161 1575 ad

193 1618 313 1695 Deum,
338 1618 459 1683 autad
483 1620 685 1701 proximum.
711 1619 745 1683 Si
768 1620 961 1682 ordinantur
981 1620 1023 1681 ad
1047 1621 1158 1682 Deum

192 1725 256 1787 hoc
279 1734 386 1808 potest
409 1746 477 1789 esse
500 1726 665 1808 tripliciter
699 1726 777 1809 quia
811 1734 868 1789 aut
903 1726 1093 1789 ordinantur
1116 1726 1160 1788 ad

192 1831 302 1894 Deum
327 1832 358 1895 in
382 1834 483 1908 corde,
507 1834 612 1895 autin
628 1854 690 1908 ore,
714 1834 818 1895 autin
834 1843 933 1914 opere.
951 1832 985 1896 Si
1001 1833 1033 1894 in
1049 1832 1159 1906 corde,

191 1947 270 2001 tunc
295 1939 431 2001 habetur
459 1940 539 2001 illud
574 1949 794 2021 praeceptum:
832 1960 897 2002 non
922 1938 1058 2001 habebis
1080 1940 1162 2001 deos

190 2043 321 2109 alienos.
347 2045 381 2111 Si
405 2046 437 2109 in
461 2067 526 2122 ore,
550 2056 629 2110 tunc
653 2046 792 2110 habetur
819 2046 898 2108 illud
933 2055 1153 2131 praeceptum:

190 2172 256 2215 non
280 2173 426 2217 assumes
448 2174 569 2216 nomen
595 2155 657 2218 Dei
674 2154 720 2215 tui
738 2154 770 2216 in
786 2173 920 2216 vanum.
937 2153 972 2218 Si
992 2153 1025 2215 in
1048 2173 1158 2235 opere,

190 2267 269 2322 tunc
293 2259 429 2322 habetur
453 2260 532 2323 illud
567 2269 788 2343 praeceptum:
814 2267 980 2322 memento
1005 2267 1039 2321 ut
1069 2260 1159 2322 diem

189 2365 316 2428 sabbati
339 2366 527 2430 sanctifices,
553 2367 615 2429 Vel
652 2375 789 2449 possunt
822 2365 978 2449 distingui
1002 2366 1062 2427 ista
1095 2365 1157 2428 tria

189 2481 354 2553 praecepta
377 2473 557 2535 secundum
583 2473 780 2554 Magistrum
810 2473 873 2535 sic:
908 2471 1052 2554 primum
1076 2493 1162 2553 prae·

188 2586 321 2660 ceptum
346 2579 484 2661 pertinet
507 2579 549 2641 ad
572 2579 702 2642 Patrem
726 2581 758 2642 in
787 2600 854 2662 quo
888 2587 937 2641 est
970 2577 1157 2641 auctoritas.

190 2682 381 2748 Secundum
405 2684 447 2747 ad
473 2685 592 2747 Filium
628 2686 661 2748 in
695 2706 762 2768 quo
795 2694 845 2748 est
878 2684 1056 2766 aequalitas.
1080 2683 1157 2746 Ter·

187 2791 270 2853 tium
294 2792 337 2853 ad
361 2790 518 2873 Spiritum
543 2791 701 2856 Sanctum
735 2793 768 2855 in
802 2813 870 2874 quo
904 2800 952 2854 est
987 2791 1159 2872 utriusque

187 2897 414 2962 communitas.
440 2895 474 2961 Si
497 2907 608 2960 autem
633 2908 798 2982 praecepta
814 2899 966 2961 ordinant
986 2897 1157 2961 hominem

187 3004 229 3065 ad
253 3005 454 3086 proximum,
480 3003 542 3067 hoc
566 3014 674 3087 potest
708 3025 776 3068 esse
811 3004 981 3087 dupliciter
1005 3005 1080 3086 quia
1102 3004 1154 3066 vel

188 3129 244 3192 per
266 3109 500 3174 exhibitionem
524 3109 679 3195 beneficii,
711 3112 762 3175 vel
791 3121 924 3194 propter
948 3112 1075 3194 sugam
1099 3132 1156 3172 no·

187 3217 339 3280 cumenti.
365 3217 398 3281 Si
430 3218 537 3300 primo
563 3219 663 3281 modo
697 3228 776 3282 tunc
810 3218 941 3300 ponitur
976 3217 1040 3280 hoc
1073 3237 1156 3298 prae-

188 3332 338 3406 ceptum:
364 3323 489 3388 honora
512 3333 638 3407 patrem
662 3333 814 3388 tuomet
839 3334 976 3387 matrem
991 3333 1094 3386 tuam.
1118 3321 1155 3386 Si

187 3432 330 3493 secundo
355 3432 465 3506 modo,
487 3431 550 3495 hoc
574 3442 773 3514 potestesse
795 3431 978 3514 tripliciter;
1002 3430 1053 3493 vel
1076 3429 1156 3512 quia

187 3547 236 3599 est
259 3545 372 3602 contra
407 3549 642 3602 nocumentum
677 3541 788 3621 operis,
824 3540 874 3601 vel
909 3548 1023 3602 contra
1056 3556 1156 3600 nocu-

188 3653 336 3706 mentum
359 3645 435 3718 oris,
474 3647 525 3708 vel
561 3655 673 3709 contra
708 3655 943 3710 nocumentum
976 3645 1093 3732 cordis.
1118 3642 1156 3709 Si
