2600 4200
232 209 293 283 298
468 205 543 265 Lrn.
569 203 620 266 IV
646 203 952 265 Sanrnnrmnuu

570 311 590 318 -m
986 312 1001 317 ,,.
1009 311 1185 319 .,........,,,.,,,.,,-..

206 383 294 452 liter,
320 383 380 446 sed
403 385 554 444 carentia
577 399 660 443 usus
676 383 821 443 rationis
836 401 899 462 pro
914 392 1095 443 momento
1107 401 1185 444 non

207 500 261 551 est
284 498 415 550 tantum
448 488 574 549 malum
607 489 697 549 sicut
731 497 827 550 actus
861 491 1045 568 oppositus
1081 490 1180 550 actui

207 597 357 658 virtutis,
383 593 420 657 Si
445 596 547 656 etiam
572 595 650 655 talis
674 597 825 656 carentia
847 613 931 656 usus
954 596 1102 656 rationis
1126 614 1181 655 es-

207 712 261 764 set
280 713 456 782 peccatum
480 701 633 770 mortale,
659 711 858 781 sequeretur
881 701 974 780 quod
997 701 1181 762 dormiens

208 827 344 888 semper
367 817 521 888 peccaret
545 808 742 868 mortaliter.

557 1014 740 1116 anrsrro
775 1036 818 1098 ΙΙ.

304 1181 360 1240 Ad
380 1179 545 1238 secundom
573 1181 780 1254 Quoeslr'onem
804 1181 848 1238 sic
866 1179 1074 1255 proceditur:

297 1337 445 1399 Videtur
468 1338 560 1418 quod
582 1337 735 1419 bigamia
758 1357 932 1416 nunquam
948 1336 1052 1399 fuerit
1064 1338 1172 1407 licita,

208 1447 289 1524 quia
313 1444 398 1505 nihil
422 1455 474 1505 est
497 1445 629 1506 licitum
654 1445 745 1524 quod
761 1453 814 1505 est
830 1453 949 1505 contra
975 1444 1089 1525 legem
1114 1465 1175 1505 na·

208 1559 317 1623 turae;
342 1551 402 1611 sed
428 1551 578 1630 bigamia
600 1559 654 1610 est
684 1559 801 1611 contra
825 1550 937 1631 legem
962 1560 1105 1620 naturae,
1131 1562 1173 1612 ut

207 1657 305 1736 ponit
328 1656 485 1736 quaedam
518 1656 645 1736 glossa,
682 1656 724 1717 de
760 1656 907 1718 Lamech
942 1658 1001 1736 qui
1036 1658 1172 1736 primus

207 1763 339 1824 inducit
362 1762 558 1842 bigamiam.

302 1869 425 1928 Contra.
457 1869 534 1929 Gen.
561 1873 589 1927 ό.
615 1877 710 1947 patet
732 1869 824 1948 quod
847 1868 1025 1930 Abraham
1049 1868 1171 1935 habuit

208 1973 328 2036 Saram
353 1983 386 2036 et
410 1974 530 2055 Agar3
557 1976 665 2055 igitur
687 1973 804 2053 aliquo
826 1985 979 2054 tempore
993 1973 1058 2036 fuit
1074 1974 1171 2040 licita

206 2081 368 2162 bigamia.

299 2187 361 2248 An
385 2185 650 2267 QnAEsrionnn
674 2198 769 2267 patet
798 2187 892 2267 quod
925 2188 1078 2271 bigamia
1111 2189 1172 2251 ali-

209 2295 346 2373 quando
370 2292 435 2354 fuit
459 2294 561 2363 licita,
587 2295 667 2373 quia
690 2314 757 2354 non
781 2300 849 2382 est!
862 2294 1049 2355 verisimile
1075 2296 1168 2377 quod

208 2402 316 2462 sancti
342 2400 461 2461 Patres
486 2402 612 2461 veteris
643 2402 838 2461 testamenti
870 2399 1013 2462 fecerint
1035 2402 1166 2482 aliquid

208 2507 366 2568 illicitum
390 2508 539 2567 maxime
563 2507 699 2587 publice
723 2506 896 2579 illicitum;
922 2508 983 2569 sed
998 2517 1101 2588 ‚patet
1122 2528 1169 2569 ex

208 2612 387 2693 Scriptura
411 2615 536 2673 veteris
564 2614 769 2683 testamenti,
805 2614 897 2693 quod
932 2614 1052 2675 Patres
1086 2625 1169 2677 tunc

208 2728 306 2780 erant
328 2719 468 2800 bigami,
494 2720 583 2780 sicut
606 2728 701 2799 patet
716 2719 758 2779 de
775 2719 963 2789 Abraham,
994 2721 1073 2781 Gen.
1098 2726 1165 2791 16.;

209 2825 368 2886 similiter
391 2824 432 2885 de
455 2824 569 2903 Jacob,
600 2825 677 2885 Gen.
702 2845 763 2900 29„
792 2828 850 2905 qui
878 2826 999 2887 habuit
1021 2836 1171 2909 quatuor

209 2950 357 3003 uxores;
383 2932 541 2992 similiter
563 2933 605 2993 de
628 2931 754 3001 David,
778 2952 808 2992 2.
832 2934 925 3011 Reg„
954 2934 1012 3012 qui
1048 2932 1169 2995 habuit

209 3038 381 3117 quinque;
407 3047 441 3098 et
464 3057 548 3119 ergo
572 3038 724 3119 bigamia
746 3039 930 3118 aliquando
964 3036 1030 3101 fuit
1064 3038 1168 3101 licita

212 3140 282 3205 Sed
306 3142 488 3205 difficultas
511 3145 619 3205 oritur
641 3164 686 3205 ex
710 3142 910 3223 Quaestione
926 3155 1065 3225 propter
1087 3145 1166 3206 du0.

209 3250 357 3310 Primum
381 3251 549 3330 estquod
576 3250 710 3330 justitia
743 3252 990 3313 commutativa
1023 3252 1169 3330 requirit

209 3356 441 3436 aequalitatem
461 3374 494 3432 5.
520 3357 621 3417 Eliic.
647 3375 708 3436 per
730 3356 795 3417 hoc
818 3358 909 3418 enim
941 3358 1169 3437 distinguitur

211 3482 232 3523 a
251 3462 385 3542 justitia
408 3462 627 3523 distributiva
647 3481 725 3542 quae
741 3464 884 3541 requirit
899 3465 1167 3543 proportionem,

204 3568 340 3649 justitia
381 3578 493 3629 autem
541 3570 786 3631 commutativa
816 3570 959 3649 requirit
993 3568 1169 3649 aequalita-
