2600 4200
289 269 349 343 148
517 263 591 331 Lm.
615 265 661 330 ΙΙΙ
686 265 978 330 Scuruurmnvu

262 472 369 554 primo
392 472 523 534 instanti
553 471 636 534 sicut
666 472 691 534 si
727 471 939 553 praecessisset
967 493 1024 554 per
1056 474 1155 537 diem.
1179 475 1214 538 Et

261 579 392 660 quaudo
406 579 546 642 dicitur:
564 577 674 642 Omne
690 579 778 661 quod
796 588 854 653 est,
871 579 1004 660 quando
1020 589 1077 650 est,
1096 601 1210 645 necesse

261 694 310 748 est
325 705 411 760 esse;
428 685 600 748 dicendam
624 686 713 767 quod
738 693 846 766 potest
868 685 970 768 accipi
987 686 1018 748 in
1035 706 1130 750 sensu
1148 689 1212 751 divi-

261 792 358 855 sionis
381 801 414 855 et
436 801 514 854 tunc
537 801 586 854 est
609 790 697 864 salsa,
722 791 772 854 vel
804 792 835 854 in
860 812 954 854 sensu
979 795 1212 875 compositionis

261 908 294 961 et
316 907 394 961 tunc
417 907 466 982 est
489 918 574 974 vera,
599 899 655 961 sed
681 918 747 960 non
771 908 885 961 contra
909 919 972 962 me.

326 1005 386 1067 Ad
415 1016 569 1086 quartum
593 1005 769 1067 dicendum
793 997 897 1088 'quod
920 1007 1027 1088 major
1048 1016 1098 1069 est
1133 1006 1208 1082 falsa,

259 1112 335 1193 qnia
359 1112 436 1174 luna
459 1113 574 1174 eodem
591 1111 723 1174 instanti
741 1131 807 1193 quo
824 1111 1022 1175 illuminatur
1046 1134 1065 1175 a
1089 1115 1163 1187 sole,
1185 1115 1213 1200 iij

260 1220 397 1282 luminat
420 1218 674 1300 hemispherium
700 1228 858 1294 nostrum,
882 1227 914 1281 et
937 1227 1046 1282 tamen
1078 1231 1152 1283 sunt
1175 1223 1211 1284 di-

260 1345 361 1388 versae
386 1325 590 1388 mutationes.

325 1431 383 1493 Ad
402 1431 553 1513 quintum
579 1431 724 1493 concedo
747 1451 937 1513 consequens
952 1433 1042 1514 quod
1067 1432 1208 1516 Angelus

258 1538 290 1600 in
314 1539 421 1620 primo
444 1538 574 1600 instanti
597 1557 666 1600 suae
690 1537 861 1600 creationis
884 1539 991 1620 potuit
1014 1559 1154 1620 peccare,
1180 1549 1208 1601 ut

258 1644 362 1726 patuit
386 1645 441 1708 lib.
465 1663 496 1706 a,
520 1643 596 1707 dist.
627 1662 660 1726 4.
685 1643 743 1706 Ad
762 1645 910 1726 primam
928 1645 1146 1726 probationem
1169 1647 1207 1708 di·

257 1751 397 1812 cendum
432 1751 522 1832 quod
545 1752 653 1834 major
686 1749 785 1812 habet
807 1751 976 1814 veritatem
1008 1753 1050 1814 de
1073 1752 1207 1834 positivis

257 1877 322 1919 non
334 1858 375 1919 de
399 1857 572 1938 privativis
590 1866 760 1939 peccatum
785 1867 895 1920 autem
913 1866 961 1920 est
985 1859 1120 1940 privatio
1135 1859 1204 1920 boni

255 1964 328 2026 ideo
351 1973 522 2045 peccatum
548 1964 669 2046 Angeli
694 1985 759 2026 non
783 1974 852 2028 erat
874 1985 893 2026 a
917 1964 1000 2027 Deo.
1025 2001 1069 2012 -
1092 1965 1146 2028 nd
1168 1985 1205 2027 se·

253 2071 395 2134 condam
413 2071 634 2152 probationem
658 2070 732 2133 dico
756 2072 846 2152 quod
869 2071 1004 2155 angelus
1029 2072 1131 2153 potuit
1153 2071 1205 2133 ha·

255 2180 330 2240 bere
353 2179 495 2260 primum
518 2178 599 2240 veile
623 2198 642 2239 a
665 2178 779 2259 seipso.
795 2178 904 2241 Etiam
921 2199 997 2241 cum
1014 2179 1136 2252 dicitur,
1153 2188 1202 2239 aut

254 2286 396 2348 nolendo
418 2293 476 2347 aut
498 2285 648 2364 volendo,
661 2284 735 2346 dico
759 2285 848 2366 quod
872 2286 1016 2367 primum
1045 2286 1124 2348 velle
1145 2304 1201 2346 non

253 2391 367 2454 habuit
397 2392 509 2453 volens
533 2410 591 2453 nec
615 2391 727 2453 nolens
761 2401 920 2474 tanquam
942 2412 1001 2474 per
1033 2401 1139 2455 actum
1161 2410 1204 2452 se

252 2500 408 2571 cundum,
422 2499 477 2560 sed
500 2497 688 2560 immediate
712 2518 768 2580 per
792 2498 896 2581 ipsam
919 2498 1119 2563 voluntatem
1140 2507 1200 2559 tan-
1244 2478 1250 2492 ’

252 2625 352 2688 quam
375 2626 432 2686 per
456 2613 565 2666 actum
591 2604 816 2687 primumipse
838 2605 985 2669 eliciebat
1000 2606 1090 2669 velle.
1116 2604 1146 2667 Si
1158 2602 1202 2663 vis

250 2713 292 2775 de
315 2711 374 2774 ista
398 2712 532 2774 materia
554 2712 681 2794 require
704 2711 758 2775 lib.
783 2731 814 2775 2.
838 2712 913 2775 dist.
937 2730 969 2796 4.

679 3086 784 3451 e
