2600 4200
335 233 523 296 D1simc'r.
549 235 584 296 ΙΙ
610 233 794 315 QUAEs'mo
817 233 870 296 ΙΙΙ
1018 253 1056 313 37

112 411 287 473 ficandum
300 411 506 492 baptismum
523 411 662 482 Christi,
678 422 713 473 et
729 413 771 474 ad
788 411 1080 476 assuefaciendum

113 517 275 580 homines
299 518 341 578 ad
363 519 572 599 baptismum
597 517 734 581 Christi.
762 518 865 581 Unde
889 538 993 600 super
1022 519 1082 580 illo

113 625 224 685 verbo
250 623 361 684 iisatlk.
383 643 416 701 3.
441 624 524 686 dicit
548 625 680 706 glossa:
721 644 788 706 ego
812 626 959 706 baptizo.
992 625 1083 688 idest

114 741 251 792 tantum
276 749 419 812 corpora
442 731 532 802 lavo,
557 733 637 812 quia
661 742 802 812 peccata
824 732 996 793 dimittere
1028 751 1082 794 ne

114 857 217 917 queo,
257 847 296 899 ut
319 839 408 899 sicut
438 835 609 900 nascendo
643 849 678 899 et
712 839 928 919 praedicando
959 858 1080 918 praeeo,

116 947 167 1006 sic
190 945 396 1024 baptizando
420 945 463 1006 ab
485 944 694 1025 baptismum
719 943 845 1007 Christi
869 946 1027 1026 dirigam.

214 1052 374 1125 Quantum
397 1052 442 1112 ad
462 1053 596 1118 tertium,
625 1061 678 1112 est
702 1052 877 1114 sciendum
895 1052 987 1132 quod
1003 1053 1083 1133 bap-

116 1161 245 1219 tizatus
269 1177 289 1218 a
308 1157 440 1236 Joanne
464 1139 597 1238 poterat
620 1159 784 1240 baptizari
809 1159 945 1220 duobus
960 1159 1081 1227 modis,

116 1265 251 1326 scilicet
276 1267 309 1326 in
335 1262 445 1324 forma
467 1265 593 1326 tradita
616 1285 635 1326 a
659 1244 806 1334 Christo,
831 1265 888 1326 vel
915 1267 949 1326 in
967 1265 1083 1345 aliqua

116 1372 189 1432 alia
211 1369 329 1440 forma,
355 1380 392 1432 ut
415 1381 499 1452 puta
523 1373 557 1432 in
582 1373 720 1433 nomine
750 1373 896 1432 venturi.
929 1371 967 1434 Si
1004 1373 1082 1452 quis

116 1488 235 1540 autem
258 1475 380 1539 fuisset
402 1478 595 1558 baptizatus
619 1497 639 1538 a
660 1477 792 1557 Joanne
816 1480 850 1540 in
878 1476 988 1540 forma
1018 1486 1086 1539 tra·

115 1586 193 1648 dita
216 1604 237 1645 a
259 1582 406 1654 Christo,
432 1603 498 1646 non
523 1593 595 1645 erat
619 1585 677 1646 ille
701 1586 973 1665 rebaptizandus,
1003 1586 1084 1666 quia

116 1693 180 1754 ille
204 1709 270 1753 non
287 1700 361 1752 erat
376 1691 568 1770 baptizatus
581 1691 753 1772 baptismo
767 1691 910 1770 Joannis
926 1693 987 1752 sed
1002 1693 1083 1773 bap

116 1801 224 1859 tismo
247 1795 384 1860 Christi.
410 1795 447 1860 Si
472 1797 550 1878 quis
574 1807 687 1859 autem
712 1795 834 1859 fuisset
854 1798 1047 1877 baptizatus
1063 1819 1084 1859 a

113 1905 251 1984 Joanne
273 1907 307 1966 in
333 1905 400 1964 alia
423 1901 541 1972 forma,
566 1913 649 1984 puta
662 1907 696 1966 in
714 1906 851 1966 nomine
867 1907 1013 1975 venturi,
1027 1906 1082 1966 vol

116 2011 190 2072 alia
212 2011 383 2072 consiliari
408 2008 526 2080 forma,
552 2021 624 2072 erat
637 2013 829 2073 necessario
845 2011 1080 2091 baptizandus.

117 2120 204 2199 quia
236 2127 444 2198 praeceptum
478 2117 638 2199 generale
682 2118 815 2200 obligat
849 2137 977 2179 omnes.
1014 2116 1083 2179 Sed

117 2235 329 2307 praeceptum
354 2224 514 2306 generale
542 2233 604 2294 est,
634 2225 726 2305 quod
761 2244 880 2286 omnes
914 2226 1084 2304 baptizen-

116 2333 235 2393 turin
260 2329 369 2391 forma
391 2320 559 2392 traditae
583 2328 733 2403 Christo;
759 2332 875 2413 igitur.
900 2368 940 2374 —
963 2332 1083 2405 Confir-

117 2444 230 2499 malur
251 2457 295 2499 ex
319 2437 396 2507 alio,
414 2439 495 2518 quia
513 2429 658 2517 'recepta
684 2438 853 2499 medicina
880 2438 1085 2517 dispositiva

117 2563 313 2626 congruum
331 2553 383 2605 est
398 2544 549 2625 recipere
565 2545 768 2605 medicinam
792 2543 1032 2624 completivam
1050 2554 1084 2605 et

116 2649 358 2733 perfectivam
395 2651 455 2711 sed
488 2650 681 2731 baptismus
713 2650 856 2729 Joannis
890 2660 963 2711 erat
993 2652 1083 2712 sicut

116 2760 302 2839 dispositio
326 2759 455 2838 praevia
478 2758 521 2819 ad
544 2757 752 2838 baptismum
777 2756 918 2830 Christi;
943 2777 1037 2838 ergo.

208 2866 272 2927 AD
296 2876 571 2927 ARGUMENTUM
595 2866 629 2925 in
653 2866 860 2926 contrarium
885 2866 960 2926 dico
992 2866 1084 2944 quod

114 2972 291 3056 Magister
316 2974 352 3033 in
376 2972 437 3033 illo
459 2980 587 3051 puncto
612 2990 679 3032 non
704 2979 848 3033 tenetur.

522 3215 684 3428 iiii
