2600 4200
531 249 617 311 86
1006 248 1152 311 LIB.
1206 249 1295 310 ΙΙΙ
1346 247 1929 312 SENTENTIARUM

613 455 731 517 Ad
768 454 1117 518 secundum
1150 453 1709 543 quando‘dicitur:
1759 453 1875 515 iste
1922 452 2125 515 homo
2148 461 2244 514 est
2269 473 2401 534 per-

478 581 657 634 sona,
706 561 854 623 dico
899 562 1079 642 quod
1126 571 1222 624 est
1246 561 1705 642 distinguenda
1752 560 1916 622 sicut
1964 559 2081 621 fuit
2106 559 2403 622 distincta

478 667 602 731 illa:
655 667 951 730 Christus
997 669 1358 730 secundum
1404 667 1584 749 quod
1619 666 1821 728 homo
1853 675 1949 728 est
1974 665 2400 730 individuum.

610 775 728 836 Ad
791 774 1055 836 tertium
1125 774 1271 836 dico
1317 775 1498 855 quod
1566 773 1686 835 ista
1755 771 2044 834 definitio
2109 793 2401 854 personae

475 900 676 961 quam
749 881 861 944 dat
938 881 1202 943 Boetius
1248 880 1587 959 corrigitur
1634 901 1673 941 a
1722 879 2050 942 Richardo
2120 878 2229 941 lib.
2292 900 2405 941 suo

475 987 554 1049 de
612 988 791 1049 Trite.
843 988 995 1069 quia
1057 997 1212 1050 tunc
1260 987 1477 1048 anima
1539 996 1833 1068 separata
1893 995 2059 1048 esset
2105 1006 2400 1079 persona.

477 1092 675 1155 Unde
720 1093 875 1155 dicit
928 1092 1291 1155 Richardus
1338 1093 1517 1174 quod
1566 1113 1842 1175 persona
1873 1102 1968 1154 est
2015 1090 2405 1154 intellectua-

476 1199 551 1260 lis
599 1209 847 1262 naturae
897 1200 1227 1261 individua
1273 1200 1666 1274 substantia;
1696 1199 1991 1262 Christus
2045 1208 2267 1260 autem
2316 1219 2405 1260 se-

474 1307 769 1368 cundum
796 1306 975 1387 quod
1003 1306 1223 1380 homO,
1273 1328 1404 1368 non
1430 1316 1525 1368 est
1571 1307 1924 1368 subsistens
1950 1305 2065 1367 nisi
2113 1306 2177 1367 in
2202 1327 2403 1388 quan-

474 1421 617 1476 tum
667 1413 956 1475 subsistit
1004 1413 1068 1474 in
1119 1413 1342 1474 divino
1388 1390 1744 1494 supposito.

1214 1589 1565 1671 QUAESTIO
1615 1591 1694 1653 ΙΙ.

1114 1759 1406 1823 Secundo
1451 1760 1775 1841 quaeritur

768 1909 983 1965 Utrum
1022 1907 1281 1965 Christus
1317 1909 1393 1963 sit
1431 1909 1609 1963 Filius
1645 1909 1749 1964 Del
1796 1909 2112 1978 adoptivus-

610 2053 899 2117 Videtur
961 2055 1139 2136 quod
1186 2055 1294 2129 sie,
1349 2054 1500 2136 quia
1547 2055 1651 2117 ille
1719 2054 1828 2137 qui
1877 2064 1974 2117 est
2021 2054 2226 2117 Filius
2277 2055 2400 2119 Dei

472 2180 586 2240 per
638 2162 936 2241 gratiam,
986 2171 1081 2222 est
1109 2162 1308 2223 Filius
1357 2162 1479 2224 Dei
1528 2163 1907 2243 adoptivus;
1957 2163 2068 2225 sed
2104 2161 2402 2227 Christus

474 2265 700 2350 habuit
752 2268 1061 2348 gratiam;
1112 2289 1289 2350 ergo.

608 2390 664 2435 2.
723 2375 1058 2447 Praeterea,
1131 2375 1412 2436 Hilarius
1481 2394 1538 2437 Ι.
1588 2376 1667 2437 de
1725 2376 1902 2438 Trin.
1952 2376 2146 2438 dicit:
2215 2386 2398 2457 pote-

470 2480 651 2540 statis
703 2480 986 2561 dignitas
1035 2500 1164 2543 non
1212 2481 1521 2562 perditur,
1570 2483 1729 2543 dum
1778 2483 1986 2545 carnis
2028 2483 2401 2545 humanitas

470 2587 846 2668 adoptatur:

604 2694 685 2755 ln
733 2694 1139 2755 contrarium
1187 2703 1283 2756 cst
1331 2695 1640 2777 Magister
1690 2695 1754 2757 in
1803 2696 2028 2762 littera.

605 2802 1073 2864 RESPONDEO.
1125 2802 1195 2862 In
1246 2801 1364 2862 ista
1415 2802 1776 2883 quaestione
1822 2803 2055 2865 veritas
2079 2811 2175 2864 est
2201 2814 2399 2877 certa,

468 2907 622 2988 quia
670 2907 963 2970 Christus
997 2927 1125 2969 non
1175 2917 1270 2969 est
1321 2908 1487 2970 filius
1517 2909 1639 2971 Dei
1685 2910 2050 2991 adoptivuS,
2079 2910 2248 2973 sicut
2284 2932 2401 2993 po-

470 3023 634 3076 nunt
702 3014 924 3075 sancti.
999 3014 1194 3077 Unde
1269 3016 1685 3097 Augustinus
1756 3016 1865 3078 lib.
1914 3017 1992 3079 de
2050 3018 2397 3080 ecclesiast.

468 3119 774 3199 dogmat:
826 3131 1016 3182 natus
1062 3130 1158 3183 est
1212 3123 1571 3183 secundum
1619 3122 1956 3186 veritatem
2008 3133 2262 3186 naturae
2313 3146 2400 3187 ex

472 3226 616 3288 Deo
667 3227 788 3288 Dei
837 3226 1021 3301 filius,
1072 3229 1431 3289 secundum
1457 3229 1792 3290 veritatem
1842 3240 2091 3293 naturae
2138 3251 2228 3292 ex
2289 3233 2404 3294 ho·

470 3332 642 3394 mine
692 3332 971 3395 hominis
1018 3333 1184 3396 filius
1233 3344 1301 3396 ut
1353 3356 1481 3396 non
1529 3336 1882 3417 adoptione
1943 3339 2055 3399 sed
2104 3337 2167 3399 in
2221 3348 2400 3400 utra-

394 3490 397 3495 .
467 3459 596 3521 que
645 3439 977 3502 nativitate
1003 3460 1241 3502 nomen
1291 3441 1400 3502 filii
1428 3442 1750 3504 nascendo
1799 3443 2396 3508 haberet.-Item

468 3545 862 3607 Ambrosius
932 3548 1002 3609 in
1052 3548 1262 3628 Epist.
1336 3549 1431 3609 ad
1469 3549 1814 3622 Romnum,
1889 3550 2011 3631 legi
2059 3560 2124 3612 et
2197 3552 2396 3634 relegi

465 3652 831 3734 scripturas,
897 3653 1117 3734 Jesum
1169 3654 1405 3716 Filium
1457 3656 1599 3731 Dei,
1650 3657 1731 3718 de
1777 3657 2130 3738 adoptione
2201 3678 2399 3721 num-
