2600 4200
863 855 1506 964 Distinctio
1582 855 2009 963 XXIII.

690 1103 899 1184 Cum
964 1129 1149 1183 vero
1210 1129 1471 1206 supra
1535 1107 1915 1184 habiturn
1980 1105 2173 1184 sit...

614 1228 800 1292 Circa
849 1230 1045 1293 istam
1092 1231 1268 1295 Dist.
1318 1250 1358 1294 2
1356 1249 1423 1310 3.
1471 1231 1789 1314 quoerz'tur
1830 1229 2050 1311 primo
2094 1230 2236 1293 sine
2277 1250 2380 1292 ar—

462 1337 815 1416 grsmc'utis·

1205 1497 1557 1579 QUAESTIO
1608 1497 1658 1561 Ι.

1201 1654 1347 1724 Quid
1383 1657 1470 1710 est
1506 1655 1663 1710 fides,

610 1804 1052 1864 RESPONDEO
1095 1800 1455 1862 secundum
1505 1797 1974 1881 Philosophum
2011 1799 2080 1861 in
2117 1796 2384 1861 Elenclt.

470 1908 546 1964 ar!
606 1905 1035 1987 multipliciter
1081 1905 1329 1966 dictum
1378 1915 1473 1967 est
1524 1905 1958 1987 multipliciter
2006 1904 2388 1986 responden-

470 2016 666 2089 ri=1m;
721 2013 833 2073 sed
884 2011 1041 2073 fides
1087 2012 1399 2093 accipitur
1457 2011 1912 2094 multipliciter,
1964 2011 2110 2073 ideo
2183 2011 2386 2073 multi·

470 2125 662 2197 pimus
695 2118 892 2181 habet
933 2118 1442 2197 notificationes;
1496 2140 1647 2181 nam
1698 2140 1823 2181 uno
1856 2120 2038 2182 modo
2084 2119 2389 2200 accipitur

474 2229 626 2285 titius„
674 2235 991 2307 quantum
1039 2225 1123 2286 ad
1182 2246 1387 2306 genus
1458 2225 1794 2308 proprium
1843 2235 1907 2288 et
1953 2224 2177 2288 definit
2246 2244 2386 2287 eam

474 2332 883 2409 ,Qiusiistinus
937 2332 1058 2393 sic:
1134 2332 1328 2394 Fides
1373 2342 1470 2394 est
1540 2333 1773 2395 veritas
1842 2353 1972 2413 qua
2043 2332 2390 2394 creduntur

470 2461 614 2517 iim—
654 2457 779 2498 non
815 2438 1131 2500 videntur.
1174 2439 1330 2502 Alio
1379 2439 1560 2500 modo
1592 2439 1904 2521 accipitur
1952 2448 2274 2520 quantum
2307 2437 2389 2499 ad

474 2569 526 2621 μς
554 2544 853 2625 incipiuni
904 2544 1245 2619 motivum,
1280 2554 1346 2607 et
1378 2544 1605 2607 definit
1650 2566 1793 2608 eam
1824 2545 2243 2627 Augustinus
2272 2544 2388 2606 sic:

475 2653 662 2709 ]·'i=E··s
692 2659 788 2711 est
822 2650 1204 2712 illuminatio
1255 2652 1490 2720 mentis
1530 2652 1613 2714 ad
1655 2671 1984 2714 summam
2032 2650 2388 2713 veritatem.

490 2761 686 2817 'fn-*4⁴:322*
756 2758 935 2818 modo
1003 2758 1319 2839 accipitur
1388 2756 1548 2819 fides
1624 2768 1946 2841 quantum
2018 2758 2102 2819 ad
2173 2767 2392 2819 actum

470 2865 821 2941 pamm-ium,
872 2872 936 2924 et
986 2862 1212 2925 definit
1281 2885 1428 2926 eam
1479 2866 1930 2927 Damascenus
1997 2864 2127 2926 sic:
2181 2863 2392 2936 Fides,

466 2985 548 3025 14
610 2968 942 3050 mqmsitus
1013 2990 1372 3032 consensus
1443 2972 1609 3034 circa
1681 2972 1960 3053 primam
2031 2971 2392 3034 veritatem.

478 3085 719 3145 ·:K··-2.·„;-·f?0
768 3077 948 3138 modo
980 3078 1293 3158 accipitur
1344 3076 1503 3139 fides
1528 3087 1850 3159 quantum
1884 3078 1969 3139 ad
2002 3077 2396 3157 subjectum,

470 3201 518 3230 ι’
558 3181 775 3244 *finit
828 3203 972 3244 eam
1025 3183 1385 3263 Dionysius
1432 3185 1522 3246 sic
1571 3184 1679 3247 lib.
1729 3184 2008 3246 denom.:
2060 3184 2254 3245 Fides
2299 3193 2395 3245 est

470 3309 546 3345 m.
567 3309 725 3349 ,νιιῑῃ
762 3290 1162 3351 credentium
1201 3289 1706 3352 fundamentum
1739 3312 1851 3353 eos
1883 3292 2208 3353 collocans
2238 3290 2398 3351 veri-

470 3397 594 3453 tm.
646 3395 883 3469 Quinto
932 3397 1112 3458 modo
1160 3397 1481 3478 accipitur
1513 3395 1674 3459 fides
1706 3398 1768 3459 in
1802 3406 2124 3479 quantum
2158 3405 2254 3458 est
2288 3396 2398 3457 ha·

470 3505 546 3557 ];·‘··.
570 3525 634 3561 zm·
670 3502 1031 3581 disparatus
1064 3512 1126 3564 et
1153 3502 1380 3564 definit
1411 3523 1556 3566 eam
1585 3481 2000 3586 Augustinus
2032 3503 2121 3565 sic
2150 3522 2163 3564 ε
2201 3502 2398 3565 Fides

470 3622 557 3665 μὶ
598 3608 899 3685 quaedam
934 3609 1256 3671 certitudo
1291 3610 1373 3671 de
1408 3611 1599 3673 rebus
1630 3609 2003 3672 absentibus
2035 3630 2228 3691 supra
2262 3609 2399 3692 opi·
