2600 4200
341 208 532 271 Drsrnrcr.
555 206 686 271 XXIV
710 208 904 290 Quassul
1020 230 1076 290 251
1141 212 1147 235 “·

138 316 275 325 amu-mmmmm·

231 387 275 448 IN
299 398 385 449 ISTA
409 384 645 467 QUAESTIONE
668 394 749 449 sunt
773 396 919 467 quatuor
946 388 1102 450 videnda.

142 494 264 563 Prima
293 494 376 574 quid
399 503 454 555 est
478 491 583 563 Ordo,
607 493 781 574 loquendo
804 493 846 554 de
870 490 999 556 Ordine
1015 496 1105 557 sicut

141 604 176 663 in
193 601 294 663 titulo
307 598 521 681 Quaestionis
537 610 590 662 est
606 602 834 681 praemissum.
853 601 1002 669 Secundo,
1019 610 1103 681 quot

141 717 224 769 sunt
246 706 384 768 ordines
401 707 466 768 iste
489 706 601 768 modo.
633 708 747 775 Tertio,
769 708 797 768 si
815 704 909 769 Ordo
920 717 975 769 est
987 706 1104 770 Sacra·

139 824 304 876 mentum.
327 815 449 889 Quarto
465 813 637 893 quomodo
649 824 702 875 est
714 810 972 875 Sacramentum
985 834 1100 876 unum.

228 1028 294 1091 De
311 1026 456 1107 primo
479 1024 672 1090 Artioulo
697 1027 779 1088 dicit
803 1046 871 1087 una
882 1028 998 1107 opinio
1010 1028 1102 1109 quod

140 1117 398 1196 Sacramentum
422 1131 563 1195 Ordinis
587 1142 640 1194 est
663 1142 817 1213 potestas
841 1112 1031 1213 spiritualis
1058 1136 1102 1197 ad

138 1240 288 1321 aliquem
300 1251 413 1302 actum
431 1240 671 1320 exequendum
685 1241 719 1301 in
737 1239 967 1301 ecclesiastica
977 1240 1102 1303 hierar·

139 1346 225 1416 chia,
250 1356 285 1408 et
308 1366 369 1426 per
392 1366 606 1426 consequens
632 1346 818 1408 secundum
855 1344 1023 1409 Ordinum
1055 1348 1102 1410 di-

140 1456 336 1516 versitatem
361 1454 405 1515 ad
427 1453 514 1514 tales
530 1463 627 1515 actus
639 1454 681 1515 de
693 1452 849 1514 Ecclesia
865 1452 1100 1537 distinguendi

138 1570 239 1622 erunt
262 1559 420 1623 Ordines.

232 1670 348 1729 Contra
371 1669 425 1727 hoc
449 1669 604 1735 instatur,
630 1668 711 1747 quia
734 1687 779 1727 ex
792 1668 858 1728 ista
870 1667 1100 1748 descriptione

138 1775 294 1855 sequitur
317 1774 409 1854 quod
433 1772 662 1853 Episcopatus
699 1776 743 1835 sit
779 1772 882 1843 Ordo,
920 1776 1013 1853 quod
1047 1784 1100 1836 est

137 1890 257 1942 contra
279 1900 348 1941 eos.
375 1880 536 1941 Probatio
559 1884 793 1958 consequentur,
822 1882 903 1960 quia
915 1880 1099 1962 Episcopa-

137 1995 194 2049 tus
218 1996 270 2050 est
294 1996 446 2067 potestas
471 1988 514 2047 ad
537 1987 684 2067 aliquem
703 1997 816 2048 actum
834 1988 1045 2067 spiritualem
1063 1990 1098 2049 in

137 2092 303 2165 Ecclesia,
327 2105 447 2174 utpote
470 2095 650 2156 adactum
675 2093 894 2156 confirmandi
924 2107 958 2157 et
989 2092 1099 2156 conio-

137 2203 233 2263 rendi
258 2203 394 2263 ordines
411 2222 540 2274 sacros;
565 2212 600 2262 ct
618 2221 685 2262 non
704 2211 835 2262 tanturn
853 2211 1006 2282 potestas
1022 2221 1099 2263 con-

137 2329 224 2389 grue
248 2309 439 2375 exercendi,
465 2309 525 2368 sed
549 2308 751 2387 simpliciter
766 2309 958 2378 exercendi,
976 2311 1056 2388 quia
1068 2311 1096 2370 si

137 2435 227 2476 unus
250 2425 433 2476 attentaret
457 2435 524 2476 non
551 2413 746 2493 Episcopus
770 2413 854 2474 nihil
886 2413 1020 2476 iaceret.
1055 2454 1095 2460 -

137 2523 286 2588 secema,
315 2531 514 2601 sequoretur
538 2522 630 2600 quod
655 2522 719 2582 sub
743 2521 860 2582 ordine
896 2523 1095 2584 sacerdotali

137 2648 204 2689 non
229 2631 275 2689 sit
298 2629 422 2706 aliquis
446 2627 541 2688 Ordo
566 2629 599 2687 in
625 2627 790 2692 Ecclesia.
808 2629 900 2706 quod
916 2639 1098 2690 estcontra

135 2755 204 2796 cos,
230 2734 390 2796 Probatio
413 2736 645 2811 consequentia,
674 2735 755 2813 quia
789 2734 916 2795 nullam
951 2745 1097 2814 potesta-

136 2851 204 2903 tem
228 2842 441 2921 spiritualem
465 2841 568 2901 habet
592 2841 755 2900 diaconus
780 2840 835 2900 vul
867 2841 1096 2902 subdiaconus

136 2947 307 3027 loquendo
332 2947 373 3007 dc
397 2956 566 3026 potestate
591 2947 760 3025 spirituali
786 2948 996 3026 simpliciter.
1015 2951 1096 3026 quia

135 3053 216 3116 licct
238 3055 349 3134 possit
372 3054 501 3132 aliquid
536 3052 645 3113 facere
682 3072 833 3134 congruo
868 3055 1031 3115 diaconus
1062 3064 1095 3114 et

134 3162 365 3222 subdiaconus
389 3161 481 3239 quod
505 3179 572 3220 non
596 3158 764 3219 conferret
794 3179 946 3240 congruo
976 3160 1093 3229 laicus,

134 3277 248 3328 tamen
273 3270 301 3327 si
337 3267 444 3327 laicus
478 3275 661 3327 attentaret
696 3265 780 3326 illud
814 3265 933 3331 facore,
970 3265 1094 3328 faccrct

134 3375 345 3454 simpliciter.
371 3411 412 3416 —-
446 3376 559 3440 Tertia
588 3375 743 3452 sequitur
759 3374 850 3452 quod
868 3375 1093 3434 sacerdotium

134 3491 227 3541 essct
250 3482 318 3541 duo
342 3480 500 3547 Ordines,
529 3481 610 3560 quia
633 3481 808 3540 Sacerdoti
834 3482 996 3560 competit
1013 3481 1094 3559 dup-

133 3588 192 3648 lex
217 3596 369 3666 potestas
394 3587 591 3666 spiritualis,
617 3589 698 3667 quia
721 3585 919 3648 conficiundi
937 3587 1094 3648 Euchari-

1018 3727 1039 3766 17
