2600 4200
139 461 181 470 -
207 425 280 488 Iste
297 426 420 488 modus
435 424 656 488 confirmatur
671 445 732 506 per
744 423 952 508 Magistrum
969 429 1002 485 in
1014 428 1106 487 litera

138 534 310 594 dicentem
336 533 428 612 quod
452 533 555 593 homo
580 553 647 594 non
671 535 797 614 quaerit
826 533 971 595 salutem
999 553 1020 594 a
1048 532 1108 596 Sa·

140 642 329 701 eramentis
353 641 449 720 quasi
475 641 513 700 ab
529 641 589 710 eis
607 641 668 701 scd
678 647 741 718 per
755 659 816 712 ea;
841 640 902 701 sed
929 639 1002 702 haec
1022 659 1107 721 prae·

139 749 269 828 positio
292 781 305 793 ·
320 764 375 809 a·
398 756 494 808 notat
517 766 656 810 causam
681 757 841 828 agentem
870 747 1105 828 principalem,

139 889 151 900 -
162 871 271 934 per·
295 863 407 915 autem
432 873 570 916 causam
595 853 901 921 instrumentalem.
927 864 989 915 etc.

238 1067 392 1131 Contra
416 1066 528 1130 Causa
551 1067 822 1129 instrumentalis
845 1077 898 1129 est
920 1086 1024 1129 causa
1046 1087 1107 1148 per

141 1175 323 1244 accidens;
349 1175 409 1236 sed
433 1172 665 1244 Sacramenta,
683 1194 745 1255 per
761 1182 805 1244 te,
823 1194 891 1235 non
908 1185 988 1236 sunt
1004 1193 1107 1236 causa

141 1302 203 1363 per
228 1281 386 1342 accidens
410 1283 543 1362 gratiae,
573 1283 664 1362 quia,
696 1292 734 1342 ut
769 1283 898 1362 arguis,
933 1293 1014 1342 tunc
1039 1301 1106 1343 non

140 1399 328 1469 poneretur
351 1389 386 1448 in
410 1386 607 1449 definitione
632 1385 855 1456 Sacramenti.
884 1389 976 1468 quod
991 1398 1106 1450 tamen

139 1495 224 1556 iacit
249 1493 440 1576 lliagister;
464 1514 549 1577 ergo
574 1491 796 1556 Sacramenta
821 1514 889 1556 non
908 1505 1107 1558 sunt'causa

141 1603 267 1684 gratiae
292 1602 571 1664 instrumentalis.

234 1708 402 1770 Prolerea.
428 1707 600 1778 Creatura.
625 1709 812 1770 secundum
847 1711 951 1770 istum
983 1708 1107 1770 Docto-

140 1834 226 1884 rem,
251 1834 319 1876 non
344 1825 457 1896 potest
481 1815 787 1877 instrumentaliter
809 1835 914 1896 agere
945 1816 987 1877 ad
1018 1835 1108 1877 crea-

141 1925 271 1983 tionem
297 1941 357 1984 seu
381 1923 424 1984 ad
448 1923 629 1983 terminum
655 1923 858 1984 creationis:
899 1923 959 1984 sed
991 1921 1107 1986 Sacra·

141 2039 296 2090 mentum
321 2039 374 2090 est
397 2039 551 2091 creatura
586 2027 644 2111 [et
679 2029 860 2110 dispositio
895 2031 1026 2110 praevia
1063 2031 1105 2091 ad

140 2138 290 2217 gratiam
316 2138 451 2217 qualem
476 2138 582 2217 ponit,
608 2145 661 2198 est
684 2137 852 2198 terminus
875 2138 1104 2218 creationis];

139 2262 228 2325 ergo
252 2242 510 2307 Sacramentum
536 2243 591 2305 vel
615 2262 831 2324 quaecunque
855 2244 922 2305 alia
950 2256 1106 2306 creatura

140 2369 211 2412 non
229 2360 433 2431 potestesse
449 2351 523 2431 ejus
533 2369 637 2413 causa
654 2351 933 2412 instrumentalis.
949 2350 1107 2411 Probatur

141 2460 272 2518 minor:
297 2458 356 2519 illa
379 2458 559 2539 dispositio
577 2477 644 2519 non
661 2467 714 2519 est
730 2455 918 2522 formaliter
930 2460 1106 2527 naturalis,-

141 2584 221 2627 cum
246 2584 314 2626 non
338 2566 502 2627 educatur
525 2564 567 2625 de
591 2566 746 2644 potentia
769 2564 915 2626 naturali
951 2566 1104 2645 subjecti,

141 2672 204 2734 sed
229 2674 340 2733 omnis
364 2672 444 2733 talis
467 2670 576 2733 forma
598 2682 752 2742 creatur3
778 2690 871 2752 ergo.

234 2779 402 2840 Praeterea.
443 2777 665 2841 Sacramenta
699 2798 766 2839 non
802 2789 946 2857 possunt
981 2779 1106 2840 habere

142 2886 311 2946 actionem
337 2902 433 2946 suam
459 2886 493 2946 in
519 2887 682 2955 instanti;
708 2886 768 2945 sed
793 2884 852 2945 illa
867 2886 1057 2964 dispositio,
1076 2886 1104 2944 si

142 2993 278 3073 praevia
305 2994 454 3073 ponitur,
479 3003 531 3053 est
549 2993 582 3053 in
600 2993 741 3053 instanti
756 3013 763 3063 ;
789 3010 872 3073 crgo
886 2988 1107 3053 Sacramenta

141 3118 212 3161 non
237 3110 317 3161 sunt
341 3118 444 3161 causa
479 3100 592 3161 activa
627 3098 720 3161 illius
754 3100 990 3180 dispositionis
1024 3118 1107 3178 pra·

142 3209 223 3269 viae.
245 3206 355 3285 Major
370 3216 473 3287 patet,
491 3208 573 3286 quia
589 3207 631 3267 ad
649 3204 870 3269 Sacramenta
886 3208 1106 3287 requiruntur

139 3314 235 3375 verba
259 3323 294 3375 et
317 3316 474 3380 elementa,
504 3323 538 3375 et
561 3314 670 3376 multa
693 3315 759 3375 alia
794 3334 871 3394 quae
908 3325 988 3374 sunt
1027 3331 1104 3373 cum

139 3432 258 3495 motu;
285 3420 345 3483 sed
370 3428 483 3481 motus
507 3439 574 3481 non
598 3429 811 3501 potestesse
843 3423 876 3481 in
913 3421 1028 3481 istanti
1060 3440 1105 3480 ex

141 3537 171 3593 ό.
197 3530 293 3608 Phys.
309 3551 322 3597 ,·
346 3546 430 3609 ergo
455 3524 676 3589 Sacramenta
699 3548 766 3590 non
791 3528 917 3589 habent
937 3528 1104 3587 actionem

138 3656 237 3701 suam
264 3638 298 3699 in
325 3636 476 3697 instanti.
502 3634 671 3697 Probatur
686 3637 813 3695 mr'nor:
839 3654 916 3696 nam
934 3635 1105 3694 successio
