2600 4200
349 240 539 302 Drsrmca.
565 240 637 302 XV
663 240 814 321 Quasi.
840 240 857 302 Ι
1013 264 1072 322 ¹99

133 421 399 499 correspondere
422 420 484 486 illi,
497 420 552 481 vel
577 420 637 481 illi.
663 418 764 500 Quod
788 422 890 481 etiam
908 421 1096 483 secundum

134 545 312 588 numerum
336 536 441 612 patet,
466 528 548 607 quia
570 527 730 588 contritio
755 527 797 588 de
813 528 970 607 pluribus
987 530 1021 589 in
1040 548 1099 609 ge·

134 633 241 695 nerali
266 642 380 714 potest
403 634 669 713 correspondere
694 653 762 695 una
790 634 861 695 illis
882 634 1050 715 pluribus,
1087 664 1088 667 ¹

223 738 480 820 Consequenter
503 741 579 801 dico
603 740 695 820 quod
719 750 864 820 possunt
880 760 955 803 esse
979 743 1097 823 plures

134 844 368 909 satifactiones
390 847 515 907 totales
538 846 594 907 vel
610 847 773 927 partiales
789 848 1100 928 correspondentes

134 956 193 1015 uni
216 964 366 1034 peccato
392 953 533 1015 Totales
556 954 704 1034 quidem,
730 955 811 1034 quia
846 936 913 1016 non
946 966 999 1017 est
1022 970 1100 1035 pec·

133 1070 247 1122 catum
271 1061 376 1142 quod.
387 1080 461 1123 non.
479 1069 597 1141 posset
620 1063 759 1147 remitti
771 1081 833 1142 per
848 1062 956 1123 solam
974 1064 1098 1124 contri·

133 1170 273 1237 tionem,
297 1177 332 1228 et
354 1178 436 1229 tunc
460 1168 520 1229 illa
550 1168 625 1229 sola
658 1178 711 1229 est
745 1168 861 1229 totalis
896 1168 1097 1231 satisfactio,

134 1275 254 1337 Potest
277 1276 379 1335 etiam
403 1276 530 1336 remitti
555 1294 616 1355 per
641 1277 882 1337 contritionem
917 1278 1095 1338 remissam

134 1392 168 1443 et
202 1401 263 1462 per
296 1382 381 1443 alias
412 1400 535 1461 poenas
568 1383 769 1462 supplentes
804 1380 1094 1463 imperfectionem

134 1490 360 1552 contritionis.
373 1487 542 1550 Contritio
559 1499 672 1549 autem
690 1491 825 1551 intensa
841 1509 885 1551 ex
901 1509 970 1551 una
986 1500 1094 1569 parte,

134 1604 168 1655 et
192 1597 337 1675 ipsamet
361 1597 504 1657 remissa
526 1614 603 1656 cum
624 1583 801 1675 ¹aliquibus
822 1598 935 1676 poenis
959 1616 1003 1657 ex
1028 1596 1097 1659 alia

134 1714 231 1782 parte
254 1699 416 1763 differunt
439 1704 563 1781 specie,
588 1703 669 1763 licet
692 1705 761 1765 sint
788 1704 1035 1783 aequivalentes
1059 1704 1095 1764 in

135 1810 369 1888 acceptatione
391 1809 518 1871 divina.
930 1822 934 1829 ’

223 2021 287 2084 De
310 2022 459 2102 quinto
482 2020 688 2098 Articuli),
715 2043 757 2083 an
793 2024 903 2104 possit
936 2032 1100 2104 peccator

134 2128 331 2191 satisfacere
354 2130 397 2190 de
420 2149 489 2191 uno
512 2139 653 2209 peccato
680 2131 754 2191 sine
788 2130 866 2200 alio,
891 2130 967 2192 dico
993 2131 1095 2211 quod

135 2233 323 2298 satisfactio
355 2245 502 2316 quatuor
535 2237 684 2316 respicit,
721 2237 851 2298 scilicet
885 2237 1008 2308 Deum,
1033 2236 1096 2298 Ec·

134 2343 284 2413 clesiam,
308 2344 504 2422 proximum
528 2351 562 2403 et
585 2345 747 2423 seipsum.
772 2343 823 2406 Ut
839 2346 962 2424 aspicit
973 2345 1090 2412 Deum,

135 2449 279 2510 includit
312 2451 572 2521 contritionem
608 2461 647 2511 ut
680 2451 803 2530 aspicit
836 2451 1016 2519 Ecclesiam,
1045 2452 1095 2511 sic

135 2556 279 2617 includit
302 2553 572 2628 confessionem
598 2565 636 2617 ut
667 2558 790 2637 aspicit
817 2560 1015 2635 proximum,
1045 2559 1095 2619 sic

134 2662 279 2724 includit
302 2663 573 2734 restitutionem
599 2672 636 2724 ut
661 2665 783 2744 aspicit
819 2665 980 2744 seipsum,
1006 2664 1095 2724 idest

134 2771 381 2840 restituentem,
406 2771 455 2830 sic
478 2770 622 2831 includit
644 2773 757 2831 carnis
781 2771 1042 2831 macerationem
1060 2781 1095 2835 ct

134 2878 323 2937 orationem
357 2877 414 2937 vel
449 2877 549 2938 aliam
584 2879 832 2958 poenitentiam.
858 2877 969 2938 Primo
992 2879 1089 2946 modo,

134 2992 247 3062 potest
271 2983 396 3063 aliquis
419 2985 548 3045 conteri
572 2985 614 3045 de
638 3003 707 3046 uno
730 2993 870 3065 peccato
905 2984 1093 3056 actualiter,

135 3088 215 3150 licet
238 3109 306 3150 non
334 3099 529 3152 conteratur
552 3090 594 3152 de
606 3091 674 3152 alio
686 3101 827 3170 peccato
840 3091 1018 3152 actualiter
1033 3091 1095 3152 sed

135 3195 246 3260 solum
263 3195 492 3267 habitualiter,
506 3199 588 3278 quia
604 3199 694 3258 sicut
710 3217 777 3258 non
796 3207 848 3259 est
865 3199 1094 3259 necessarium

134 3302 345 3363 intellectum
370 3304 473 3364 simul
496 3304 712 3366 considerare
735 3304 800 3365 hoc
825 3312 858 3365 et
882 3304 968 3365 illud
978 3323 1097 3384 pecca*

134 3418 218 3479 tum,
243 3411 291 3470 ita
314 3420 459 3472 nonest
489 3412 718 3472 necessarium
743 3411 955 3472 voluntatem
991 3410 1094 3472 simul

133 3517 302 3595 poenitere
326 3516 505 3578 actualiter
527 3518 569 3579 de
604 3518 669 3579 hoc
703 3527 844 3597 peccato
878 3528 912 3578 et
946 3517 987 3578 de
1022 3517 1092 3578 illo.

134 3621 302 3684 Similiter
325 3631 437 3702 quarto
460 3625 547 3684 modo
574 3633 688 3705 potest
722 3626 799 3704 quis
833 3643 895 3705 per
925 3624 1093 3716 jejunium
