2600 4200
233 176 295 233 204
458 156 533 219 Lm.
559 156 610 219 IV
636 154 942 219 Sursum-munii

552 439 735 521 Qui-sno
760 440 821 501 111.

318 602 374 660 Ad
393 603 518 661 terrum
544 601 753 675 Quoestionem
778 602 822 661 sic
840 600 1022 679 proceditur
1037 625 1049 659 .·

210 794 212 798 ·
295 758 443 821 Videtur
473 759 566 841 quod
599 756 824 821 damnificans
857 759 962 821 alium
999 761 1032 822 in
1068 760 1170 821 bonis

206 868 330 928 animae
355 866 411 927 vel
433 868 587 947 corporis
611 885 680 927 non
704 875 839 928 tenetur
874 867 1063 937 restituere,
1088 868 1171 947 quia

207 973 323 1035 nullus
346 982 481 1035 tenetur
503 972 547 1033 ad
571 972 804 1053 impossibile;
830 973 890 1034 sed
923 974 956 1033 in
991 973 1051 1034 tali
1086 992 1167 1037 casu

206 1074 423 1143 damnificato
447 1080 618 1141 restitutio
641 1088 695 1141 est
718 1080 951 1159 impossibilis.

300 1186 424 1247 Contra.
450 1192 478 1246 ό.
502 1206 533 1265 q.
558 1204 585 1247 1.
609 1192 676 1263 cap.
713 1186 768 1245 Ex
799 1188 933 1245 merito:
969 1184 1166 1247 Deteriores

207 1304 286 1355 sunt
310 1296 368 1374 qui
394 1295 499 1354 vitam
527 1310 708 1373 moresque
742 1292 909 1353 bonorum
945 1301 1167 1373 corrumpunt

206 1400 261 1462 his
284 1401 342 1480 qui
367 1400 578 1461 substantias
601 1399 744 1460 aliorum
768 1399 967 1479 praediaque
990 1399 1165 1479 diripiunt.

295 1505 340 1567 IN
360 1518 448 1567 xIste
464 1504 700 1587 QUAEffloNE
717 1515 769 1566 est
785 1505 960 1567 sciendum
978 1506 1165 1569 secundum

206 1611 454 1693 Philosophum
479 1630 506 1673 1.
532 1612 632 1673 Etkic.
658 1611 851 1691 quodiana
876 1613 1015 1673 suntin
1039 1612 1165 1691 triplici

206 1716 407 1789 differentia,
432 1718 563 1781 scilieet
592 1719 684 1780 bona
705 1721 830 1785 animoe,
858 1719 950 1780 bona
972 1722 1110 1796 corporis
1131 1730 1167 1779 et

205 1826 297 1886 bona
308 1824 463 1901 fortuna.
477 1825 531 1886 De
554 1825 641 1885 bonis
664 1836 777 1886 autem
791 1824 938 1901 sortunoe
961 1824 1090 1891 dictum
1113 1836 1167 1887 est

207 1934 242 1992 in
265 1932 471 2012 praecedenti
496 1933 708 2012 quaestione;
734 1934 891 2012 sicergo
925 1932 1090 2011 quaeritur
1124 1932 1167 1993 de

205 2039 306 2099 bonis
328 2041 443 2099 animoe
466 2048 501 2099 et
522 2040 669 2117 corporis.
689 2038 786 2099 Bona
802 2046 915 2099 autem
933 2038 1067 2110 animae,
1085 2049 1167 2100 sunt

207 2146 364 2226 quaedam
387 2147 478 2207 bona
504 2147 675 2212 naturalia,
715 2145 872 2225 quaedam
907 2146 998 2208 bona
1032 2148 1167 2206 moralia

206 2254 295 2314 sicut
319 2263 372 2315 est
394 2249 494 2314 fama.
520 2251 588 2312 Hie
612 2262 725 2314 autem
751 2271 819 2313 non
836 2254 1001 2333 quaeritur
1017 2253 1059 2314 de
1074 2253 1166 2314 bono

207 2358 364 2429 naturali,
389 2360 449 2420 sed
473 2360 515 2420 de
537 2359 629 2419 bono
653 2359 773 2420 morali
798 2359 890 2439 quod
920 2369 972 2421 est
995 2356 1094 2422 fama.
1120 2359 1166 2421 Et

207 2466 256 2526 sic
280 2475 359 2527 sunt
376 2466 443 2527 duo
460 2465 621 2527 videnda:
640 2465 760 2532 Primo,
781 2466 809 2526 si
827 2463 1049 2528 damnificans
1061 2466 1165 2527 alium

207 2571 365 2633 inbonis
389 2573 551 2652 corporis,
580 2581 715 2634 tenetur
750 2571 793 2632 ad
827 2573 1087 2634 restitutionem.
1114 2573 1167 2634 Se-

205 2680 313 2745 cundo,
342 2681 370 2739 si
395 2677 618 2740 damnificans
641 2679 746 2740 alium
771 2679 806 2739 in
822 2679 922 2739 bonis
938 2677 1039 2740 famae
1056 2689 1167 2740 tenea·

207 2794 262 2845 tur
286 2785 329 2846 ad
352 2787 613 2848 restitutionem.

301 2997 359 3060 De
377 2998 521 3076 primo
544 2997 621 3058 dieo
645 3016 713 3077 quo
745 2995 967 3059 damnificans
1002 2997 1105 3060 alium
1129 3000 1164 3059 in

206 3122 358 3184 corpore,
383 3114 442 3166 aut
466 3104 607 3166 abstulit
630 3105 696 3165 sibi
721 3105 910 3173 vitam‚aut
933 3088 1164 3166 damnificavit

206 3231 284 3272 eum
309 3212 343 3271 in
368 3211 483 3291 aliquo
514 3212 675 3272 membre
702 3208 740 3272 Si
759 3211 866 3287 primo
891 3213 986 3280 modo,
1015 3213 1165 3293 quia'vi-

206 3327 276 3378 tam
299 3318 366 3378 sibi
390 3319 568 3378 restituere
592 3336 660 3377 non
685 3327 808 3396 potest,
832 3326 967 3379 tenetur
990 3319 1054 3380 sibi
1071 3319 1164 3378 resti-

206 3425 372 3485 tutionem
397 3421 507 3484 iaeere
531 3433 695 3503 quantum
721 3433 773 3484 est
796 3425 959 3504 possibile
991 3427 1025 3487 in
1050 3425 1162 3503 aliquo

207 3531 449 3608 aequivalenti;
474 3540 508 3591 et
532 3551 599 3591 non
624 3530 735 3591 solum
760 3531 834 3600 hoe,
860 3531 920 3592 sed
943 3533 972 3592 si
1013 3529 1163 3593 interiec-
