2600 4200
214 219 291 325 '256
455 248 529 308 Lis.
555 246 606 308 IV
631 246 938 309 Suursurrnuuu

208 498 211 505 Ι
295 426 335 485 In
358 428 561 486 contrarium.
587 463 629 469 -
654 446 681 486 1.
707 448 735 503 q.
761 446 787 487 1.
804 448 829 487 c.
848 428 1020 497 De-cetero,
1041 429 1170 490 dicitur

203 532 297 613 quod
320 532 422 593 talem
447 534 697 612 susceptionem
723 533 778 595 vel
802 534 1018 595 collationem
1036 536 1166 595 irritam

203 639 427 700 decernimus.
484 709 486 712 ¹

294 744 338 808 IN
362 758 447 807 ISTA
470 758 697 821 QUAESTIONE
720 749 871 827 quinque
903 756 982 808 sunt
1007 748 1163 809 videnda.

203 853 323 919 Primo,
352 853 435 932 quid
458 863 510 913 e'st
534 873 638 933 poena
665 856 837 915 canonica.
864 855 1014 922 Secundo,
1036 872 1114 934 quae
1130 864 1166 915 et

204 968 288 1038 quot
318 970 399 1020 sunt
421 978 536 1039 poenae
565 962 749 1021 canonicae.
784 962 895 1028 Tertio,
923 960 1071 1041 qualiter
1093 981 1166 1041 poe-

203 1084 259 1125 nae
282 1068 456 1126 canonicae
482 1064 694 1147 infliguntur.
723 1068 853 1141 Quarto,
883 1068 1031 1148 qualiter
1046 1086 1166 1148 poenae

203 1173 377 1233 canonicae
402 1172 577 1234 tolluntur.
601 1175 733 1247 Quinto,
763 1176 791 1235 si
816 1184 956 1254 propter
968 1194 1090 1254 poenas
1113 1194 1165 1235 ca·

203 1280 345 1340 nonicas
364 1298 390 1338 a
412 1280 639 1360 suscipiendis
665 1280 719 1340 vel
744 1278 959 1343 conferendis
976 1278 1165 1344 Ordinibus

204 1385 310 1465 aliqui
334 1384 552 1465 repellantur.

292 1597 357 1660 De
384 1597 529 1676 primo
563 1598 640 1659 dico
675 1600 767 1678 quod
790 1618 895 1679 poena
915 1602 1082 1663 ,canonica
1112 1608 1165 1661 est

203 1722 309 1784 poena
331 1702 460 1765 inflicta
481 1724 544 1784 per
566 1724 725 1775 canones,
743 1706 928 1786 prohibens
944 1707 1103 1786 punitum
1121 1707 1164 1767 ab

203 1810 319 1891 aliquo
344 1820 420 1871 actu
445 1811 677 1873 ecclesiastico
700 1832 801 1892 quern
826 1813 911 1873 alias
934 1814 1061 1875 liceret.
1087 1812 1164 1874 Hoc

203 1916 373 1987 ultimum,
397 1938 488 1996 quem
511 1919 593 1977 altus
616 1919 730 1985 liceret,
759 1919 895 1980 additur
915 1920 997 1998 quia
1019 1938 1088 1981 non
1111 1929 1165 1981 est

204 2041 309 2104 poena
332 2024 419 2084 laico
444 2024 536 2104 quod
559 2044 628 2085 non
652 2027 762 2105 possit
792 2024 968 2096 conficere,
993 2028 1075 2109 quia
1098 2027 1162 2087 sibi

202 2131 268 2194 hoc
292 2151 360 2192 non
384 2133 557 2211 competit,
583 2132 643 2192 sed
668 2129 845 2194 Sacerdoti
880 2135 1047 2195 ordinate.
1074 2133 1166 2196 Dici·

202 2245 260 2300 tur
283 2248 396 2299 autem
420 2239 587 2297 secundam
611 2259 752 2308 canones,
781 2243 863 2320 quia
885 2242 960 2302 sive
984 2261 1004 2301 a
1034 2259 1164 2303 canone

203 2343 380 2425 infligatur
404 2347 478 2405 sive
502 2363 522 2404 a
540 2345 665 2425 judice,
690 2355 804 2408 tamen
829 2347 959 2408 adhoc
993 2349 1085 2427 quod
1119 2350 1165 2409 sit

199 2451 294 2531 justa
317 2458 430 2530 poena,
455 2452 557 2513 debet
580 2454 767 2514 secundum
791 2471 939 2514 canones
963 2452 1084 2535 infligi.
1106 2453 1166 2516 Di-

202 2559 292 2617 citur
315 2567 427 2618 autem
447 2559 625 2635 prohibens,
655 2561 736 2639 quia
758 2579 862 2639 poena
885 2561 927 2621 de
954 2580 1023 2642 qua
1058 2561 1166 2639 loqui-

202 2683 280 2724 mur
303 2664 439 2725 videtur
462 2671 585 2726 arctare
608 2674 782 2746 tamquam
795 2665 980 2746 prohibitio
1005 2667 1165 2748 [tantum,

203 2771 259 2831 vel
276 2771 305 2831 si
322 2771 437 2850 aliquo
453 2771 555 2832 modo
571 2770 724 2843 ulterius,
739 2774 803 2833 iste
815 2772 951 2854 modus]
969 2775 1167 2836 continetur

203 2878 267 2938 sub
294 2897 408 2938 arcere
432 2879 488 2939 vel
512 2888 651 2939 arctare.

291 3091 356 3154 De
377 3091 567 3166 secundo,
592 3093 722 3153 scilicet
746 3109 824 3172 quae
848 3102 882 3153 et
898 3101 982 3173 quot
998 3102 1078 3154 sunt
1093 3113 1167 3174 poe·

203 3217 259 3259 nae
284 3200 478 3269 canonicae3
503 3200 569 3258 dico
592 3199 684 3278 quod
711 3207 791 3261 sunt
826 3219 898 3269 sex,
925 3199 1055 3261 scilicet
1078 3201 1167 3278 depo-

202 3307 274 3364 sitio
297 3306 353 3366 vel
377 3306 567 3382 degradatia
596 3305 742 3380 infamia,
782 3308 1015 3383 irregularitas,
1043 3327 1167 3367 excom·

204 3414 382 3479 mum‘caiio,
423 3413 618 3470 interdictum
654 3422 687 3471 et
721 3415 890 3489 suspensio.
916 3414 1077 3489 Deposr'tr'o
1111 3425 1167 3477 est

202 3519 354 3578 maxima
377 3537 481 3597 poena
504 3521 677 3586 canonica,
702 3520 784 3597 quia
806 3530 859 3580 est
884 3518 1002 3580 totalis
1036 3524 1167 3584 amotio

202 3643 224 3683 a
257 3633 348 3684 statu
383 3623 541 3684 clericali.
578 3626 774 3701 Degradalz'o
808 3636 920 3686 autem
957 3629 1168 3708 generaliter
