2600 4200
337 210 527 275 D1sr1ucr.
544 208 675 275 XXIV
700 209 852 292 Quiesr,
870 206 905 273 ΙΙ
1020 230 1082 303 ²59

139 400 183 466 ut
204 396 299 470 patet
322 391 439 451 Extra.
463 392 500 451 de
522 396 598 453 sent.
633 410 752 461 excom.
783 390 861 454 Cum
896 390 1099 479 medicr'nalir,

139 496 328 583 aliquando
350 495 521 579 infligitur
544 496 587 559 ab
609 496 757 561 homine.

231 710 296 773 De
319 715 472 788 quarto
495 704 712 793 Aemula„
726 710 858 773 scilicet
869 708 1017 791 qualiter
1033 726 1107 791 poer

140 834 199 903 naa
222 816 399 902 praedictae
421 816 591 880 tolluntur
625 834 686 881 seu
721 817 942 905 remittuntur
976 822 1035 901 aut
1069 818 1105 905 ip

138 923 194 1010 eis
216 922 478 1003 dispensantur;
503 922 580 1011 dico
598 925 707 1003 primo
737 923 831 1003 quod
864 924 1019 1008 depositus
1043 940 1104 998 seu

139 1030 332 1118 degradato
355 1049 424 1093 nou
447 1029 641 1092 restituitur
663 1032 730 1093 nisi
758 1050 820 1111 per
852 1030 1105 1121 restitutionem

140 1138 178 1206 in
201 1138 359 1225 integrum
383 1138 426 1198 ab
449 1156 491 1198 eo
513 1138 572 1217 qui
596 1146 712 1218 potest
734 1138 924 1207 restituere,
941 1136 1030 1201 sicut
1053 1144 1106 1221 est

143 1242 249 1330 Papa,
274 1246 434 1328 quamvis
464 1244 620 1327 legitime
654 1244 833 1325 depositus
867 1263 934 1307 non
969 1242 1106 1331 legatur

140 1357 266 1431 postea
290 1351 479 1412 restitutus.

233 1456 374 1518 Secundo
396 1456 473 1520 dico
496 1457 588 1537 quod
613 1456 751 1534 infamia
775 1455 908 1527 tollitur
934 1476 996 1543 per
1029 1476 1107 1547 put·-

140 1564 319 1645 gationem
342 1566 551 1633 canonicam,
575 1573 614 1625 ut
637 1565 755 1627 Extra.
780 1564 826 1625 de.
845 1570 977 1643 purgat.
994 1584 1103 1628 canon.

139 1671 201 1731 Ex
223 1677 360 1732 mrum.

241 1778 343 1838 Tertio
366 1778 442 1839 dico
466 1777 559 1857 quod
582 1779 807 1859 irregularitas
829 1788 889 1839 aut
921 1779 1106 1841 incurritur

140 1902 190 1945 ex
213 1863 423 1954 criminibus,
448 1894 507 1945 aut
538 1903 607 1945 non
642 1904 687 1947 ex
720 1885 931 1953 criminibus.
967 1896 1027 1947 aut
1060 1904 1105 1947 ex

142 1991 198 2054 his
232 2010 311 2071 quae
345 2001 491 2071 possunt
525 2010 602 2051 esse
636 1990 822 2071 aliquando
857 1992 1010 2060 crimina,
1048 1990 1107 2055 aii·

141 2098 281 2179 quando
306 2118 374 2161 non
406 2099 558 2161 crimina.
584 2092 622 2162 Si
658 2118 702 2162 ex
736 2099 930 2166 criminibus,
960 2107 1019 2160 aut
1052 2107 1106 2162 est

140 2207 299 2274 simonia,
324 2217 383 2267 aut
406 2217 459 2266 est
482 2203 576 2268 Ordo
600 2204 727 2267 furtive
752 2215 943 2286 susceptus,
969 2214 1028 2268 aut
1051 2214 1104 2266 est

141 2313 393 2374 administratio
418 2314 452 2373 in
476 2310 607 2374 Ordine
635 2332 703 2374 non
740 2323 900 2392 suscepto
925 2312 981 2374 vel
1015 2309 1104 2374 forte

140 2417 271 2481 furtive
294 2429 465 2499 suscepto,
482 2430 542 2480 aut
557 2429 775 2499 contemptus
791 2439 905 2499 poenae
918 2420 1103 2482 canonicae.

141 2523 182 2588 Si
206 2545 251 2586 ex
275 2528 430 2593 simonia,
456 2526 519 2587 hoc
543 2535 596 2587 est
624 2525 816 2606 dupliciter,
842 2527 923 2606 quia
957 2536 1016 2587 aut
1050 2535 1104 2590 est

142 2634 178 2694 in
202 2633 309 2711 officio,
338 2642 372 2694 et
395 2643 476 2694 tunc
500 2634 677 2712 dispensat
698 2633 809 2694 solum
842 2632 949 2712 Papa;
976 2641 1035 2694 aut
1070 2635 1105 2695 in

139 2739 297 2818 beneficio,
336 2749 416 2801 tunc
451 2748 566 2819 potest
600 2738 796 2819 Episcopus
831 2739 1040 2819 dispensare·
1066 2737 1104 2802 Si

140 2855 256 2906 autem
281 2854 333 2906 est
356 2865 400 2906 ex
424 2845 554 2907 Ordine
577 2844 704 2906 furtive
729 2856 898 2925 suscepto,
913 2847 1103 2927 distinguo,

141 2954 225 3032 quia
248 2963 306 3012 aut
330 2953 512 3032 pohibetur
538 2972 600 3032 par
633 2953 1035 3020 excommunicationem,
1063 2972 1105 3014 ne

141 3060 221 3138 quis
245 3059 383 3119 accedat
407 3059 471 3120 nisi
496 3059 538 3118 de
562 3060 629 3118 isto
654 3060 865 3139 episcopatu,
883 3069 916 3119 et
941 3060 1038 3138 prius
1061 3057 1106 3120 le-

141 3167 264 3246 gitime
288 3167 504 3226 examinatus
527 3177 562 3226 et
586 3176 753 3244 receptus,
779 3177 838 3227 aut
862 3175 1001 3226 nonest
1025 3165 1105 3226 talis

142 3272 337 3352 prohibitio.
364 3271 403 3332 ln
428 3283 575 3352 utroquo
598 3291 680 3332 casu
710 3269 835 3333 furtive
871 3292 907 3334 se
943 3273 1105 3353 ingerens

140 3387 196 3440 est
229 3379 439 3459 irregularis.
475 3378 534 3438 scd
569 3381 603 3438 in
638 3380 749 3458 primo
784 3398 852 3440 non
887 3379 1106 3458 dispensatur

143 3487 209 3548 nisi
234 3503 295 3565 per
319 3485 467 3564 Papam;
493 3487 527 3545 in
552 3485 702 3546 secundo
727 3505 787 3564 per
821 3483 1041 3565 Episcopum,
1067 3493 1106 3544 ut

141 3594 260 3653 Extra.
287 3593 338 3650 De
362 3593 416 3650 illo
439 3595 502 3670 qui¹
506 3591 636 3667 furtive
659 3593 798 3650 ordinem
832 3593 945 3668 recepit
968 3592 1000 3648 in
1025 3611 1052 3650 l.
1077 3597 1108 3649 el
