2600 4200
339 213 528 276 Dmmcr.
555 213 671 274 XXX
699 211 851 293 Quaasa,
877 213 930 275 ΙΙΙ
1029 235 1088 293 291

153 391 341 452 secundum
376 404 513 453 sanctos
547 403 716 454 excusant
750 393 854 454 istum
894 402 1007 453 actum
1046 411 1116 453 car·

153 498 276 559 nalem.

248 605 371 671 Contra,
400 606 481 685 quia
505 606 539 666 in
564 615 655 667 statu
680 607 885 666 innocentiae
902 603 1024 666 fuisset
1048 624 1116 666 ma·

152 712 350 772 trimonium
375 710 505 772 habens
529 712 595 772 ista
617 711 717 780 bona,
743 729 805 772 nec
829 720 943 773 tamen
967 709 1115 773 inissent

151 825 234 879 tunc
258 819 460 879 excusantia
498 818 595 879 illum
630 827 742 879 actum
778 818 969 890 carnalem;
1006 820 1115 904 igitur

151 943 216 986 nec
239 933 321 986 tunc
345 922 490 986 fuissent
513 925 691 1005 ponenda;
724 927 832 1006 igitur
866 945 934 988 non
969 927 1115 1006 praecise

152 1031 221 1092 ista
248 1040 328 1093 sunt
361 1030 521 1110 ponenda
554 1041 729 1111 tamquam
764 1033 966 1094 excusantia
1001 1041 1116 1093 actum

153 1136 260 1198 illum.
286 1173 328 1182 -
352 1137 520 1204 Proeterea,
549 1140 637 1198 inter
662 1137 808 1200 Mariam
842 1147 877 1200 et
898 1137 1026 1218 Joseph
1049 1136 1116 1199 fuit

152 1263 272 1306 verum
297 1245 562 1312 matrimonium,
583 1265 626 1304 ea·
635 1251 731 1322 proec.
753 1247 882 1320 Quoest„
904 1247 938 1306 in
960 1238 1029 1324 quo
1046 1265 1116 1306 non

151 1353 305 1434 oportuit
327 1370 455 1431 ponere
480 1353 545 1412 ista
567 1353 634 1412 tria
658 1361 821 1431 tanquam
839 1353 1050 1414 excusantia.
1069 1387 1112 1395 —

153 1457 322 1524 Proteum
351 1458 459 1519 multo
483 1460 596 1538 magis
619 1459 776 1537 privatur
800 1458 903 1519 homo
927 1479 991 1519 usu
1015 1460 1117 1519 ratio-

151 1566 207 1626 nis
230 1583 291 1644 per
303 1583 460 1625 somnum
485 1583 587 1644 quam
610 1583 673 1644 per
697 1566 800 1627 istum
824 1574 948 1634 actum,
973 1567 1055 1645 quia
1078 1567 1115 1626 in

152 1691 274 1734 somno
298 1681 350 1732 est
365 1673 463 1752 quasi
482 1682 650 1743 mortuus;
669 1673 777 1754 igitur
793 1672 908 1734 nullus
925 1672 1114 1734 secundum

152 1788 278 1839 rectam
304 1780 469 1839 rationem
494 1778 594 1839 debet
619 1797 656 1839 se
683 1797 856 1858 exponere
891 1797 1012 1840 somno
1047 1780 1114 1840 nisi

151 1895 268 1946 essent
290 1885 382 1946 bona
408 1885 618 1946 excusantia.
646 1884 713 1946 Hic
748 1886 1000 1966 diciturquod
1033 1895 1115 1946 sunt

152 1990 199 2052 ibi
223 1992 314 2052 bona
337 1992 453 2072 aliqua
476 1993 678 2053 excusantia
701 1993 831 2053 scilicet
848 1994 1035 2054 necessitas
1060 2012 1117 2052 na·

151 2107 239 2160 turae
274 2109 309 2160 et
342 2096 546 2161 confortatio
581 2119 799 2182 organorum.
835 2098 951 2161 Aliter
989 2099 1115 2161 dicitur

152 2206 245 2285 quod
269 2226 336 2267 non
361 2217 413 2267 est
448 2207 570 2277 simile,
606 2210 687 2286 quia
722 2207 846 2286 aliquis
880 2226 950 2269 non
985 2209 1115 2286 patitur

150 2314 290 2391 proprie
314 2314 474 2374 damnum
510 2316 544 2375 in
580 2332 701 2374 somno
737 2315 826 2375 sicut
860 2315 894 2374 in
929 2313 989 2373 illo
1024 2322 1114 2384 actu,

152 2421 234 2499 quia
266 2430 346 2499 post
381 2433 545 2481 somnum
574 2422 754 2501 vigoratur
789 2420 999 2489 intellectus,
1034 2430 1115 2499 post

151 2526 256 2586 istum
281 2537 393 2587 autem
419 2537 530 2587 actum
555 2526 744 2587 habetatur.

242 2630 418 2713 Quidquid
443 2644 556 2694 autem
581 2635 626 2695 sit
650 2634 692 2693 de
717 2635 793 2695 istis
817 2635 1008 2695 rationibus
1034 2634 1115 2695 dici-

152 2747 208 2802 tur
232 2741 274 2800 ad
299 2738 534 2819 Quaestionem
559 2740 651 2819 quod
664 2742 729 2800 tria
745 2740 909 2819 praedicta
926 2749 1006 2800 sunt
1022 2740 1114 2800 bona

151 2848 370 2917 matrimonii,
395 2850 475 2927 quia
499 2846 629 2907 adhoc
655 2857 691 2907 ut
715 2848 968 2908 matrimonium
990 2846 1116 2907 habeat

151 2972 228 3015 esse
266 2952 484 3032 completum,
520 2955 586 3014 tria
604 2970 605 2975 ¹
620 2964 701 3015 sunt
740 2956 941 3023 necessaria,
982 2954 1115 3015 scilicet

151 3061 313 3125 institutio,
343 3080 418 3119 usus
441 3070 475 3120 et
488 3058 630 3135 fructus.
649 3060 801 3121 Ratione
818 3061 1045 3120 institutionis
1061 3069 1115 3119 cst

150 3166 279 3227 bonum
303 3166 505 3227 sacramenti
520 3187 527 3237 ;
552 3168 684 3227 ratione
705 3186 789 3227 usus
805 3176 858 3226 est
873 3166 1001 3227 bonum
1018 3164 1113 3237 fidei;

151 3272 213 3332 sed
236 3273 368 3332 ratione
391 3270 522 3332 fructus
545 3282 598 3332 est
621 3272 749 3333 bonum
772 3273 890 3351 prolis,
917 3270 1039 3333 —Vel
1064 3274 1114 3333 sic

151 3378 340 3440 secundum
375 3375 537 3439 Scotum:
574 3377 613 3439 In
649 3378 867 3439 matrimonio
905 3379 972 3438 tria
1011 3386 1112 3450 sunt3

151 3484 292 3563 aliquod
315 3493 479 3563 tanquam
501 3485 629 3544 bonum
663 3486 884 3546 intrinsecum
909 3485 963 3544 cui
988 3503 1116 3547 corres-

151 3590 281 3670 pondet
304 3590 431 3650 bonum
456 3592 680 3661 sacramenti;
709 3590 801 3651 aliud
835 3598 999 3669 tanquam
1034 3588 1115 3651 finis
