2600 4200
279 272 465 339 Drsrrncr:
491 274 621 335 XXVII
647 271 795 354 Quasi.
819 274 833 335 1
986 290 1045 353 193

117 477 278 559 plusquam
304 500 347 541 se.
370 476 569 561 Consequens
591 488 640 541 est
663 477 780 549 falsum
797 480 873 561 quia
896 500 995 542 nemo
1010 480 1070 543 scit

115 603 151 644 an
173 584 246 647 odio
269 586 320 647 vel
344 606 457 648 amore
480 586 599 667 dignus
621 585 683 660 sit3
708 605 788 667 ergo
811 594 843 647 et
871 585 1067 650 antecedens.

162 692 341 765 ¹Praeterea,
366 692 492 755 bonum
516 712 694 753 commune
727 692 760 753 in
794 712 862 773 quo
896 692 1066 755 includitur

117 796 228 859 bonum
263 798 459 879 particulare
482 808 531 860 est
554 798 685 880 dignius
706 808 740 861 et
775 798 879 881 magis
912 808 1063 881 appeten-

116 903 186 964 dum
219 926 259 965 ex
283 924 316 967 ι.
342 904 475 982 Etln'c.;
510 904 566 967 sed
602 904 731 967 bonitas
765 897 827 967 De'i
861 916 910 967 est
944 906 1070 969 bonum

117 1010 282 1074 universale
307 1010 339 1075 in
362 1033 430 1094 quo
453 1012 613 1073 clauditur
636 1031 736 1073 omne
769 1011 894 1073 bonum
929 1013 1070 1095 particu-

14 1186 15 1191 γ
116 1115 191 1195 lare;
213 1140 292 1201 ergo
318 1118 425 1200 ipsum
450 1118 638 1181 naturaliter
663 1119 736 1200 plus
759 1119 944 1199 appetimus
966 1128 999 1181 et
1022 1120 1071 1182 di·

115 1222 243 1303 ligimus,
257 1226 342 1287 sicut
358 1225 456 1287 etiam
481 1224 669 1287 naturaliter
685 1224 759 1306 plus
781 1224 946 1307 diligimus
961 1235 1070 1288 totum

114 1349 205 1411 quam
228 1341 368 1413 partem,
391 1332 481 1413 quod
509 1340 600 1413 patet
623 1331 656 1393 in
679 1332 834 1413 exemplo
857 1332 933 1415 quia
969 1332 1071 1395 homo

114 1438 290 1501 naturaliter
314 1437 453 1520 exponit
477 1458 611 1500 manum
636 1456 730 1500 suam
754 1446 887 1519 propter
911 1437 1070 1501 defensio-

114 1562 181 1605 nem
204 1546 304 1607 totius
327 1544 473 1626 eorporis
496 1564 536 1607 ne
559 1544 768 1627 percutiatur.

173 1652 342 1725 Praeterea‚
378 1651 479 1714 homo
514 1671 580 1714 non
620 1651 728 1713 minus
761 1650 866 1733 diligit
903 1652 1070 1733 objectum

114 1754 291 1819 beatificum
316 1778 423 1847 quam.
442 1758 546 1839 ipsam
570 1757 815 1831 beatitudinem,
832 1778 889 1839 per
912 1758 1071 1839 Augusti-

113 1882 259 1943 num1j.
284 1866 324 1927 de
354 1864 474 1938 Tre'n.,·
498 1885 577 1947 ergo
612 1884 741 1927 summe
764 1864 868 1946 diligit
903 1865 1068 1945 objectum

112 1969 291 2033 beatificum
323 1973 413 2054 quod
448 1980 497 2033 est
521 1970 621 2033 Deus
651 1968 875 2055 Confirmatnr
897 1972 978 2033 ratio
1013 1992 1071 2054 per

113 2074 178 2152 boc,
201 2078 278 2160 quia
303 2078 328 2140 si
352 2078 541 2160 desperatus
565 2077 684 2141 occidit
707 2077 860 2160 seipsum,
880 2078 950 2140 odit
973 2098 1070 2142 suum

111 2204 182 2258 esse,
205 2195 236 2246 et
261 2195 372 2248 tamen
405 2205 470 2248 non
494 2185 565 2247 odit
599 2185 832 2247 beatitudinem
847 2207 855 2262 ;
879 2205 959 2267 ergo
996 2187 1069 2267 plus

110 2301 193 2354 amat
216 2292 451 2354 beatitudinem
475 2311 530 2354 seu
551 2291 718 2373 objectum
743 2291 950 2354 beatitudinis
965 2313 1065 2374 quam

111 2399 256 2479 seipsum.

49 2531 55 2544 ¹
171 2505 341 2586 Praeterea‚
366 2488 448 2568 ratio
472 2505 624 2568 naturalis
648 2505 749 2567 dictat
783 2513 938 2567 creaturae
975 2507 1070 2568 ratio-

112 2611 168 2671 nali
190 2612 313 2694 aliquid
336 2633 406 2674 esse
428 2631 556 2674 summe
580 2611 804 2693 diligendum;
829 2613 884 2673 sed
909 2612 990 2674 ratio
1014 2633 1069 2674 na-

110 2718 214 2781 turalis
238 2729 326 2780 recta
350 2739 415 2780 non
439 2718 540 2780 dictat
562 2718 685 2799 aliquid
708 2738 837 2780 summe
868 2718 1070 2800 diligendum

112 2823 165 2884 nisi
180 2826 219 2887 sit
236 2823 421 2887 inlinitum:
446 2845 525 2906 ergo
547 2825 628 2886 ratio
652 2825 805 2886 naturalis
821 2824 922 2886 dictat
944 2826 1069 2888 bonum

110 2929 267 2993 infinitum
304 2951 372 2994 esse
406 2951 536 2993 summe
570 2931 784 3013 diligendum,
808 2941 840 2992 et
871 2953 927 3012 per
959 2953 1070 2994 conse-

109 3055 207 3117 quens
243 3040 395 3100 voluntas
432 3046 540 3119 potest
577 3037 608 3100 in
645 3037 733 3099 hunc
766 3046 881 3125 actum
912 3059 955 3099 ex
983 3039 1072 3120 puris

109 3145 316 3206 naturalibus

172 3251 304 3314 Ultimo
339 3251 380 3312 ad
424 3251 510 3313 idem
553 3271 657 3333 arguo
699 3252 764 3312 sic:
807 3252 1072 3334 quandocunque

107 3357 211 3438 aliqua
236 3357 320 3420 ratio
344 3357 495 3420 convenit
518 3357 612 3419 alicui
637 3379 694 3439 per
709 3357 890 3432 essentiam,
904 3358 993 3420 alteri
1013 3377 1071 3441 per

108 3464 397 3546 participationem,
410 3473 502 3526 actus
525 3463 580 3546 qui
605 3464 720 3527 transit
743 3485 839 3545 super
862 3464 914 3525 illa
938 3474 1072 3547 propter

108 3570 202 3632 talem
228 3571 388 3632 rationem
414 3570 517 3653 magis
540 3571 727 3633 attribuitur
750 3570 778 3632 ei
802 3571 835 3632 in
858 3592 924 3652 quo
947 3580 994 3633 est
1018 3572 1071 3634 illa

107 3676 184 3739 ratio
208 3698 268 3760 per
291 3677 462 3739 essentiam
486 3697 586 3759 quam
610 3677 638 3739 ei
663 3677 697 3740 in
719 3698 786 3759 quo
808 3686 857 3739 est
880 3697 937 3759 per
972 3678 1071 3760 parti—

964 3806 992 3849 ra
