2600 4200
267 267 466 328 Drsrrscr.
491 263 573 325 XVI
598 261 745 343 Quesr.
771 263 785 327 Ι

104 477 160 531 tera
182 491 263 552 pars
283 467 532 541 contrarietatis,
547 468 629 530 idest
645 468 792 549 privatio,
807 469 1011 532 machinatur
1027 473 1069 534 ad

106 576 308 648 maleficium,
321 577 405 637 idest
428 576 470 637 ad
494 576 737 656 corruptionem
756 595 798 636 cx
821 593 851 638 1.
869 575 988 656 Phys.;
1013 579 1068 638 sed

106 684 231 746 materia
256 683 406 764 corporis
430 681 549 745 Christi
572 692 621 744 est
650 682 796 761 ejusdcm
826 682 958 745 rationis
992 704 1067 746 cum

107 791 232 852 materia
257 789 362 851 nostri
386 789 542 871 corporis,
565 799 599 851 et
621 797 671 850 est
694 789 737 851 ibi
761 789 899 872 privatio
933 791 1069 871 alicujus

106 892 234 972 lormae;
260 917 343 978 ergo
366 896 449 957 sicut
473 896 653 957 necessario
673 906 720 958 est
736 917 833 958 causa
854 896 1069 978 corruptionis

106 999 192 1066 itaet
218 1004 255 1065 in
281 1003 423 1066 Christo

162 1111 342 1177 Proelcrerr.
379 1111 410 1170 in
446 1130 582 1191 corpore
618 1109 736 1172 Christi
772 1119 863 1171 erant
898 1111 1067 1191 qualitates

106 1217 292 1290 contrariae;
317 1217 375 1277 sed
390 1238 433 1278 ex
454 1216 681 1278 contrarietate
704 1215 898 1296 qualitatum
923 1217 1067 1298 sequitur

106 1323 180 1384 actio
203 1332 239 1384 et
263 1325 371 1405 passio
391 1333 422 1384 et
438 1325 571 1386 tandem
596 1323 783 1403 corruptio;
807 1343 896 1404 ergo.
915 1323 1065 1386 Probatio

106 1431 236 1511 rnaJiiris
258 1432 335 1512 quia
359 1430 530 1512 qualitates
566 1430 805 1492 elementorum
834 1449 898 1491 non
935 1439 1010 1492 sunt
1034 1431 1065 1492 in

106 1537 292 1598 omnimoda
323 1537 533 1618 proportione
568 1536 686 1616 aequali
722 1535 754 1597 in
790 1556 925 1616 corpore
961 1536 1066 1598 mixto

107 1645 351 1722 proportionato
366 1643 498 1716 animae,
515 1643 592 1724 quia
608 1643 744 1703 diversae
769 1652 876 1723 partes
901 1643 1066 1724 requirunt

58 1734 63 1748 ⁸
108 1747 245 1811 diversas
269 1751 497 1831 proportiones
520 1747 767 1829 complexionis

168 1855 343 1928 Praeterea,
361 1877 460 1918 omne
476 1877 595 1937 corpus
618 1853 801 1936 generabile
819 1853 915 1916 babet
943 1865 1063 1917 certam

108 1960 270 2038 periodum
294 1983 362 2024 sua:
387 1963 566 2024 durationis
602 1962 686 2024 ultra
722 1981 821 2042 quarn
857 1982 921 2024 non
958 1973 1065 2044 potest

109 2065 239 2144 durare3
263 2071 318 2132 sed
343 2091 464 2152 corpus
488 2068 607 2133 Christi
631 2067 692 2131 suit
716 2067 898 2151 generabile
912 2089 918 2145 ;
944 2091 1031 2151 ergo.

173 2171 367 2262 Quidquid
399 2180 451 2244 sit
481 2174 526 2243 de
560 2172 800 2243 conclusione
835 2174 875 2241 iri
910 2196 961 2248 se,
994 2179 1062 2239 ista

108 2290 212 2344 tamen
237 2285 372 2347 rationes
396 2304 463 2345 non
486 2284 697 2346 concludunt.
723 2283 841 2345 Prima
869 2284 954 2345 enim
992 2285 1063 2345 ideo

108 2408 169 2449 non
193 2392 362 2465 concludit,
388 2392 465 2473 quia
500 2392 525 2451 si
549 2391 669 2452 valeret
705 2399 782 2451 tunc
810 2400 999 2471 argueretur
1023 2393 1063 2453 dc

109 2513 238 2575 corpore
260 2497 377 2561 Christi
403 2499 504 2560 modo
527 2499 609 2560 sicut
632 2505 717 2569 ante,
739 2497 814 2577 quia
839 2496 936 2558 habet
966 2508 1063 2559 mate-

109 2599 184 2661 riam
207 2603 347 2682 ejusdem
372 2605 505 2666 rationis
532 2626 607 2667 cum
643 2624 779 2684 corpore
815 2612 934 2671 nostro,
960 2614 990 2665 et
1015 2616 1061 2666 est

109 2707 238 2785 privatio
259 2711 300 2773 ibi
324 2732 473 2786 annexa,
497 2732 577 2793 ergo
607 2719 691 2771 esset
726 2730 812 2771 nunc
836 2708 866 2771 in
891 2730 930 2771 eo
955 2732 1062 2772 neccs-

108 2812 180 2875 sitas
205 2818 353 2881 moriendi
379 2818 470 2901 quod
493 2828 541 2880 est
565 2817 692 2880 salsum.

172 2919 329 2987 Similiter
350 2926 492 2995 scrvridu
515 2926 601 2987 ratio
635 2944 700 2986 non
725 2924 890 2985 concludit
918 2928 992 3005 quia
1018 2926 1060 2985 ita

108 3025 282 3108 incorpore
304 3033 359 3095 illo
375 3041 452 3094 sunt
475 3034 575 3094 modo
589 3017 769 3113 'qualitates
793 3033 962 3092 contrarie
980 3032 1061 3092 sicut

107 3145 194 3201 tunc.
212 3146 360 3201 ettamen
385 3158 451 3201 non
476 3140 567 3220 ponit
581 3138 612 3201 in
633 3160 672 3198 eo
697 3137 867 3198 necessitas
892 3138 1058 3200 moriendi.

173 3238 329 3306 Similiter
338 3246 435 3308 tertia
443 3247 528 3308 ratio
541 3266 605 3307 non
619 3245 713 3317 valet,
724 3244 799 3325 quia
812 3244 946 3305 assumit
958 3266 1058 3305 unum

107 3343 230 3420 salsum,
241 3351 355 3414 scilicet
367 3373 465 3414 omne
477 3352 622 3414 durabile
639 3350 736 3412 habet
753 3360 874 3413 certam
890 3352 1059 3431 periodum

108 3470 175 3512 suae
200 3452 367 3520 durationis
390 3459 597 3541 ultraquam
622 3478 687 3519 non
713 3467 819 3538 potest
843 3458 968 3525 durare,
984 3457 1059 3537 quia

107 3557 131 3615 si
155 3560 343 3638 producatur
365 3566 479 3648 aliquis
504 3566 583 3648 lapis
607 3563 638 3627 in
663 3586 740 3638 esse,
758 3574 790 3627 et
807 3565 937 3626 tollatur
962 3584 1059 3625 omne

952 3798 967 3841 9
