2600 4200
245 247 290 307 42
482 229 555 291 L1a.
580 228 625 290 111
650 228 945 296 Sevrsvnmuu

224 457 281 518 per
306 435 445 497 rationes
470 433 593 498 Galesi.
618 433 734 496 Primo
756 434 819 496 sic:
843 435 934 517 quod
949 455 992 497 ex
1015 454 1051 496 se
1072 435 1184 516 inspis-

224 555 313 608 satur
337 543 436 605 habet
470 542 536 604 vim
572 541 731 616 activam;
759 542 815 604 sed
850 561 980 623 sperma
1006 540 1186 604 femineum

225 671 268 714 ex
285 670 318 713 se
342 650 546 732 inspissatur;
563 669 643 730 ergo
668 649 766 710 habet
782 650 848 710 vim
864 648 1015 711 activam.
1031 649 1188 729 Assump-

226 767 295 820 tum
320 757 476 839 probatur
500 775 556 838 per
581 776 680 817 unam
715 755 950 837 experientiam
974 755 1015 817 de
1048 755 1183 818 muliere

226 885 302 948 quae
319 865 500 946 patiebatur
513 861 758 925 suffocationem
784 862 925 924 matricis
936 871 969 924 et
991 870 1102 924 tamen
1118 883 1184 924 non

227 971 379 1034 utebatur
391 970 470 1044 vir0‚
487 979 520 1032 et
532 969 594 1032 hoc
619 988 685 1032 non
697 978 767 1031 erat
790 968 849 1030 nisi
860 969 937 1050 quia
949 989 1079 1049 sperma
1090 967 1184 1030 fuerit

228 1078 435 1159 inspissatum
460 1078 492 1139 in
516 1077 659 1140 matrice.
685 1075 831 1139 Secundo
853 1077 915 1138 sic:
941 1076 1060 1138 matrix
1087 1074 1187 1138 habet

228 1185 295 1246 vim
311 1184 468 1246 retinendi
485 1204 613 1265 sperma
630 1183 818 1265 proprium:
832 1192 911 1245 tunc
926 1202 1041 1264 quaero
1051 1180 1093 1243 ad
1106 1182 1187 1263 quid

229 1292 353 1374 retinet,
370 1291 447 1372 quia
462 1300 519 1353 aut
532 1300 664 1373 propter
682 1289 851 1352 materiam
867 1287 976 1361 foetus,
988 1298 1021 1350 et
1034 1289 1096 1351 hoc
1112 1309 1188 1357 non.

228 1398 305 1480 quia
340 1397 392 1459 illa
417 1397 551 1459 materia
585 1397 716 1478 ponitur
747 1406 961 1468 menstruum,
986 1404 1044 1458 aut
1074 1396 1191 1458 retinet

230 1515 363 1588 propter
386 1505 454 1568 vim
477 1505 627 1576 activam,
651 1513 685 1566 et
708 1504 846 1566 habetur
871 1502 1088 1584 propositum.

274 1611 447 1684 Praeterea,
458 1611 576 1674 Scotus
589 1611 706 1692 probat
719 1611 806 1673 idem
818 1609 984 1692 tripliciter
997 1610 1052 1674 sic.
1061 1609 1194 1671 Primo:

230 1718 345 1782 lormae
354 1719 500 1799 ejusdem
513 1718 628 1800 speciei
639 1717 761 1779 habent
771 1717 951 1798 potentiam
960 1716 1106 1796 ejusdem
1119 1736 1191 1797 spe·

229 1824 306 1902 ciei;
331 1826 388 1887 sed
412 1845 482 1886 mas
504 1835 537 1886 et
560 1823 680 1886 femina
703 1834 780 1886 sunt
802 1822 918 1885 formae
941 1823 1088 1904 ejusdem
1119 1841 1191 1906 spe-

230 1931 299 2006 ciei,
335 1953 391 2013 per
415 1931 650 2013 Philosophum
675 1951 728 1994 10.
752 1930 928 2012 Metaplt.,·
959 1951 1040 2012 ergo
1071 1929 1195 1992 habent

231 2039 412 2122 potentiam
436 2038 581 2119 ejusdem
606 2038 731 2120 speciei.
758 2037 822 2102 Sed
852 2058 922 2099 mas
956 2037 1055 2100 habet
1078 2045 1191 2119 poten·

231 2148 311 2210 tiam
335 2148 477 2209 activam
502 2155 648 2227 respectu
674 2144 791 2221 loetus;
815 2166 895 2227 ergo
917 2154 951 2207 et
975 2144 1098 2207 mulier.

301 2254 446 2317 Secundo
458 2253 520 2315 sic:
546 2254 640 2315 Pater
653 2252 757 2335 diligit
773 2251 875 2317 filium
893 2272 989 2314 suum
1013 2250 1096 2313 sicut
1110 2270 1198 2331 opus

234 2382 341 2432 suum,
366 2381 422 2440 per
446 2359 682 2441 Philosophum
705 2357 738 2423 8.
765 2358 901 2432 Etlcic.,·
925 2359 982 2421 sed
1006 2357 1192 2421 naturaliter

234 2468 307 2549 plus
330 2466 435 2548 diligit
459 2476 561 2529 mater
596 2466 699 2527 filium
723 2486 820 2527 suum
844 2484 946 2547 quam
973 2473 1064 2547 pater
1086 2485 1128 2526 ex
1149 2486 1200 2527 eo-

233 2574 305 2637 dem
329 2572 362 2639 8.
388 2572 524 2647 Etltz'c.,·
548 2594 628 2655 ergo
652 2584 701 2635 est
724 2594 807 2655 opus
830 2594 937 2634 suum.

308 2682 412 2743 Tertio
428 2682 489 2743 sic:
507 2680 621 2761 Agens
638 2680 775 2741 intendit
787 2680 846 2742 sibi
862 2680 1037 2742 assimilare
1050 2699 1200 2760 passum;

236 2790 292 2851 sed
316 2786 399 2851 filius
424 2788 541 2869 pluries
554 2788 747 2849 assimilatur
772 2787 865 2849 matri
878 2807 979 2869 quam
1004 2786 1102 2867 patri;
1116 2806 1202 2868 ergo

166 2926 169 2935 ⁴
237 2906 339 2959 mater
363 2916 396 2956 se
421 2894 519 2957 habet
542 2896 647 2957 active
672 2896 756 2957 circa
779 2894 1026 2975 conceptionem
1051 2890 1115 2954 filii.

214 2986 217 2996 ⁸
309 3000 427 3065 Contra
451 3012 499 3065 est
523 3004 633 3084 opinio
670 3003 823 3065 Doctoris
857 3001 1046 3063 venerabilis
1078 3000 1206 3062 Fratris

238 3110 477 3171 Bonavcnturae
502 3110 591 3190 quod
609 3110 713 3191 Virgo
730 3110 831 3171 Beata
847 3109 962 3171 habuit
985 3108 1137 3169 virtutem
1153 3108 1203 3169 di·

238 3216 358 3278 vinitus
373 3216 432 3277 sibi
455 3216 567 3278 datam
585 3236 641 3297 per
657 3236 758 3297 quam
774 3216 1014 3278 administraret
1029 3213 1201 3276 materiam

238 3324 320 3385 illius
336 3323 566 3403 conceptionis
585 3321 753 3385 materiam
771 3322 905 3403 inquam
922 3342 997 3403 quae
1011 3340 1076 3383 non
1092 3320 1202 3381 solum

239 3430 353 3493 habuit
370 3429 528 3491 rationem
554 3430 696 3491 materiae
721 3450 776 3491 seu
802 3430 957 3510 potentiae
979 3428 1124 3509 passivae,
1141 3429 1203 3488 sed

229 3537 335 3600 ctiam
372 3536 596 3599 sufficientiam
620 3546 653 3598 et
676 3536 829 3599 virtutem
854 3538 895 3598 ad
931 3535 1030 3617 prolis
1060 3534 1205 3615 produc·

239 3644 372 3705 tionem.
410 3644 464 3705 Ex
489 3644 537 3705 his
574 3643 782 3724 opinionibus
816 3643 992 3725 accipiatur
1019 3662 1095 3723 quae
1126 3642 1206 3722 plus
