2600 4200
373 805 691 916 Distinctio
729 806 890 916 VIII.

249 1097 352 1175 Post
382 1095 707 1175 Sacramentum
743 1099 950 1197 Baptismi
967 1159 975 1175 .
991 1160 1019 1176 ..

245 1291 336 1350 Circa
361 1292 453 1351 istam
478 1292 562 1352 Dist.
587 1295 617 1352 8.
654 1294 687 1351 in
722 1312 784 1370 qua
819 1291 979 1370 Magister
1005 1295 1117 1372 incipit

150 1403 285 1457 tractare
314 1396 351 1457 de
374 1396 576 1458 Sacramenta
598 1399 818 1466 Eucharistioe,
846 1419 953 1479 quoero
982 1406 1118 1478 quatuor

154 1503 355 1579 Quoestzones.
393 1503 523 1566 Primo:
570 1505 686 1566 Utrum
720 1505 959 1566 Sacramentum
993 1507 1118 1568 Eucha-

152 1612 249 1670 ristioe
271 1613 314 1670 sit
335 1610 575 1671 Sacramentum
591 1631 678 1672 nouoe
694 1613 781 1690 legis.
800 1611 973 1675 Secundo:
999 1614 1115 1674 Utrum

152 1719 208 1778 illa
230 1719 273 1780 sit
283 1716 398 1793 forma
421 1720 658 1780 consecrationis
679 1719 825 1795 Corporis
848 1720 968 1781 Christi
981 1741 1052 1798 quo
1060 1727 1118 1798 po-

151 1826 241 1884 nitur
256 1826 290 1884 in
306 1844 422 1884 canone
438 1824 565 1884 Missa:
583 1825 651 1884 Hoc
667 1830 714 1884 est
727 1832 838 1902 corpus
849 1846 962 1887 metim.
979 1826 1114 1889 Tertio:

160 1931 274 1991 Utrum
291 1932 346 1990 illa
361 1929 522 2006 sitsorma
538 1933 776 1991 consecrationis
791 1934 958 2010 sanguinis
979 1932 1116 1993 Christi:

153 2037 216 2097 Hic
231 2044 278 2097 est
290 2039 423 2116 sanguis
446 2057 542 2098 meus.
565 2034 711 2119 Quarto:
729 2039 1010 2117 sineargnmento:
1030 2039 1121 2115 Quid

152 2145 380 2205 demonstretur
396 2150 459 2223 per
481 2145 535 2205 troc
552 2151 744 2222 pronomen:
770 2146 847 2207 Hoc.

513 2390 697 2472 Qumssso
721 2392 748 2454 Ι.

280 2535 336 2593 Ad
349 2536 491 2611 primam
515 2537 715 2613 questionem
737 2538 781 2595 sic
798 2538 988 2614 proceditur.

243 2674 390 2737 Videtur
413 2676 506 2756 quod
529 2676 748 2739 Eucharistia
772 2696 839 2738 non
857 2679 902 2739 sit
919 2676 1118 2741 Sacramen-

153 2794 226 2844 tum
261 2800 362 2843 novae
397 2782 497 2864 legis,
532 2784 614 2863 quia
647 2783 825 2863 quodlibet
856 2783 1115 2848 Sacramentum

154 2908 255 2951 novae
279 2889 368 2971 legIs
392 2899 444 2951 est
466 2909 528 2970 per
544 2909 581 2951 se
597 2910 718 2961 unum;
736 2890 797 2951 sed
814 2889 1032 2954 Eucharistia
1048 2913 1117 2954 non

153 3006 206 3058 est
229 3016 290 3077 per
321 3014 358 3057 se
391 3016 512 3068 unum;
548 3016 641 3079 ergo.
678 2998 790 3057 Minor
822 2998 996 3078 probatur,
1036 3002 1118 3080 quia

153 3103 247 3165 aliud
270 3105 408 3185 signum
433 3115 486 3165 est
509 3106 641 3184 species
665 3106 775 3184 panis,
799 3114 834 3165 et
857 3104 950 3167 aliud
977 3107 1117 3187 signum

153 3219 207 3272 est
230 3212 362 3291 species
385 3212 467 3280 vini,
493 3218 527 3272 et
550 3210 678 3272 habent
702 3211 795 3272 aliud
818 3221 853 3272 et
880 3211 973 3273 aliud
1003 3214 1119 3293 signa·

154 3326 236 3388 tum,
261 3320 343 3398 quia
366 3319 468 3379 unius
491 3318 667 3399 signatum
701 3319 877 3398 proprium
910 3328 962 3379 est
992 3338 1117 3400 corpus

154 3422 291 3493 Christi,
317 3424 458 3486 alterius
482 3433 595 3485 autem
619 3433 673 3485 est
696 3426 841 3506 sanguis
865 3423 1003 3487 Christi.

248 3531 372 3591 Contra.
397 3530 451 3592 De
475 3529 615 3593 Consec.
641 3531 719 3593 dist.
748 3552 775 3592 2.
809 3530 850 3593 In
883 3529 1118 3593 Sacramenta

155 3656 230 3698 rum
253 3637 495 3700 oblationibus.
