2600 4200
209 264 250 308 20
434 243 509 306 Lm.
535 241 586 306 IV
612 242 918 307 Seureurmnmr

274 444 414 507 Secundo
437 443 599 523 probatur
623 444 764 510 ratione,
789 444 871 523 quia
893 443 921 504 si
947 461 1014 504 non
1032 452 1150 523 potest

185 550 256 614 lieri
281 551 384 612 homo
407 560 520 612 rectus
544 550 748 612 rectitudine
771 549 917 612 naturali
935 551 1008 611 sine
1021 552 1147 631 gratia,

185 663 266 719 tunc
290 658 402 738 gratia
425 667 516 718 esset
540 657 726 727 naturalis;
752 655 837 718 illud
860 657 951 718 enim
974 666 1027 718 est
1051 667 1150 718 natu-

184 765 264 832 rale,
289 764 381 844 quod
404 765 802 844 consequiturnaturam
827 763 1013 825 secundum
1038 782 1083 825 se.

283 871 384 932 Tertii>
407 872 476 932 sic:
502 869 688 933 secundum
713 868 856 932 formam
874 870 1147 950 qualemcunque

185 979 385 1046 absolutam,
404 977 499 1040 Deus
512 987 625 1058 potest
636 996 750 1040 creare
762 977 944 1047 hominem,
957 978 1146 1041 secundum

184 1085 326 1146 eandem
358 1087 458 1147 etiam
483 1083 636 1146 lormnm
673 1084 865 1146 absolutam
900 1094 978 1163 post
1010 1084 1146 1165 lapsum

183 1201 298 1272 ¹potest
319 1192 489 1254 hominem
512 1211 689 1273 reparare;
715 1193 775 1253 sed
799 1190 895 1253 Deus
911 1202 1024 1271 potest
1039 1190 1148 1252 homi-

185 1317 262 1360 nem
286 1318 400 1362 creare
423 1301 571 1380 praecise
595 1301 629 1361 in
654 1301 750 1380 puris
774 1299 995 1366 naturalibus,
1018 1299 1146 1360 sivein

184 1425 270 1486 pura
294 1407 495 1468 rectitudine
520 1407 688 1478 naturali;
713 1425 807 1488 ergo.
834 1442 875 1450 —
900 1405 1035 1467 Dicitur
1050 1407 1147 1485 quod

182 1514 287 1590 niujor
309 1523 362 1575 est
385 1511 481 1584 falsa,
506 1516 587 1594 quia
603 1513 699 1575 Deus
715 1522 828 1594 potest
845 1513 1016 1574 hominem
1029 1530 1147 1573 creare

185 1620 366 1702 virginem,
391 1630 424 1681 et
456 1629 568 1682 tamen
605 1639 672 1682 non
706 1630 821 1700 potest
854 1617 965 1682 lacere
998 1619 1040 1680 de
1074 1638 1147 1680 non

184 1728 321 1808 virgine
346 1728 525 1808 virginem.
562 1729 626 1788 Sed
646 1729 710 1788 hoec
746 1729 903 1805 responsio
938 1745 1005 1788 non
1039 1725 1147 1795 valet,

184 1834 265 1914 quia
288 1835 391 1909 mayor
413 1835 547 1914 accipit⁸
569 1831 712 1896 formam
747 1833 1018 1914 qualemcunque
1048 1833 1150 1894 abso

185 1940 301 2009 lutam,
326 1941 509 2022 uirginitas
533 1950 645 2006 autem
670 1941 753 2002 dicit
777 1942 906 2021 aliquid
937 1939 1147 2010 absolutum,

185 2057 218 2109 ot
242 2047 324 2109 dicit
349 2049 565 2130 negationem
592 2057 688 2111 actus
712 2049 888 2129 praeteriti,
913 2047 1043 2109 scilicet
1059 2065 1149 2109 nun·

185 2174 286 2234 quam
311 2156 493 2227 eccidisse;
521 2155 609 2216 uude
633 2154 729 2217 Deus
752 2164 866 2235 potest
889 2153 999 2216 facere
1015 2154 1057 2214 de
1074 2172 1148 2215 non

183 2263 320 2343 virgine
345 2262 525 2343 virginem.
550 2272 716 2342 quantum
740 2263 783 2323 ad
818 2261 903 2323 illud
937 2261 1147 2329 absolutum.

186 2368 265 2430 licet
289 2388 354 2429 non
380 2378 544 2449 quantum
570 2369 612 2429 ad
641 2370 859 2450 negationem
896 2379 993 2429 actus
1023 2378 1149 2447 praete-

185 2476 251 2545 riti,
276 2484 415 2555 propter
439 2476 530 2555 quod
554 2480 583 2535 ό.
608 2476 709 2535 Etleic.
726 2475 879 2537 dicitur:
904 2475 968 2536 hoc
992 2474 1149 2553 solopri-

185 2592 285 2672 vatur
309 2581 404 2649 Deus
429 2582 583 2662 ingenita
607 2580 716 2643 facere
743 2601 821 2662 quae
851 2580 1044 2648 factasunt,
1060 2583 1148 2660 quia

186 2688 279 2750 nulla
302 2698 415 2768 potest
439 2707 514 2749 esse
537 2686 640 2750 factio
665 2708 731 2750 non
755 2690 845 2750 entis
868 2689 910 2750 de
941 2707 1008 2750 non
1042 2698 1146 2762 ente;
1192 2732 1200 2739 -

186 2796 245 2857 sed
270 2795 329 2857 illa
352 2807 404 2857 est
427 2794 529 2857 factio
555 2815 621 2856 non
646 2798 736 2857 entis
759 2796 801 2856 de
826 2816 892 2857 non
918 2804 1003 2857 ente.

274 2903 354 2961 Dico
378 2902 478 2977 zjqitur
500 2902 592 2982 quod
616 2902 712 2964 Deus
735 2902 778 2963 de
801 2903 955 2982 potentia
969 2920 1031 2963 sua
1047 2902 1149 2962 abso

186 3009 258 3069 luta
280 3020 394 3089 potest
410 3009 580 3070 remittere
597 3010 731 3089 culpam
749 3009 952 3090 originalem
968 3010 1041 3069 sine
1058 3006 1150 3071 infu-

186 3118 442 3197 sionegratiae
479 3127 511 3177 et
535 3116 599 3177 hoc
624 3118 783 3177 *maxime
817 3119 898 3195 quia
931 3117 1043 3197 gratia
1073 3135 1147 3179 non

186 3226 370 3304 opponitur
393 3233 532 3303 peccato
557 3223 716 3305 originali
741 3221 938 3285 formaliter.

276 3332 330 3390 Ad
345 3333 487 3407 primam
519 3331 660 3391 alterius
694 3331 875 3411 opinioniS‚
911 3349 987 3393 cum
1019 3330 1150 3393 dicitur

186 3438 276 3517 quod
300 3448 476 3517 peecatum
502 3456 568 3498 non
593 3448 706 3517 potest
730 3436 833 3498 deleri
860 3438 902 3498 ab
933 3439 1047 3498 anima
1076 3440 1148 3501 nisi

186 3545 228 3603 de
253 3546 426 3605 immunda
449 3542 508 3605 fiat
535 3545 671 3613 munda,
707 3544 922 3615 conceditur;
942 3543 1018 3604 -sed
1050 3563 1152 3607 mun·

186 3649 278 3710 datio
303 3661 354 3711 est
377 3650 516 3731 duplex,
552 3652 682 3715 scilicet
718 3651 883 3715 naturalis
917 3660 951 3714 et
981 3654 1149 3734 gratuita.
