2600 4200
228 239 417 305 Dlsumcr.
443 238 536 301 XVI
552 254 599 301 ET
618 238 733 301 XVII
750 238 901 319 QuAEsr.
921 240 955 302 II
1003 260 1071 318 213

126 420 220 498 quod
243 419 344 480 debet
367 421 518 499 seipsum
533 433 703 479 accusare
732 417 817 487 Deo,
853 428 887 479 et
920 418 985 479 hoc
1021 436 1089 479 non

126 536 181 586 est
203 526 410 607 negandum.

217 633 360 693 Secunda
387 633 557 698 Conclusio,
578 632 709 692 scilicet
726 631 818 711 quod
834 628 1004 693 confessio
1021 650 1090 691 non

126 739 219 800 cadit
241 740 306 801 sub
330 748 504 819 praecepto
526 739 678 818 positivo
713 736 890 807 Ecclesiae,
915 738 1092 817 probatur,

127 848 209 926 quia
231 854 313 907 tunc
337 845 433 925 Papa
456 864 524 907 non
548 853 722 906 teneretur
733 843 897 914 confiteri,
916 845 997 924 quia
1021 847 1090 904 non

126 952 231 1014 habet
254 953 434 1032 Imperium
462 969 524 1034 par
557 952 609 1027 in,
628 970 755 1031 parem,
780 960 819 1012 ut
852 959 947 1031 patet
970 950 1090 1010 Extra

125 1060 163 1118 de
187 1078 230 1118 re.
246 1059 317 1135 jur.
342 1079 367 1119 c.
390 1058 496 1120 Exiit.
527 1094 564 1102 —
593 1057 776 1127 Praeterea‚
817 1056 988 1137 quomodo
1027 1054 1093 1117 Ec-

127 1166 233 1227 clesia
267 1175 470 1227 attentasset
503 1166 680 1245 imponere
714 1175 782 1225 tam
823 1182 933 1245 grave
965 1164 1090 1245 jugum

126 1272 334 1342 christianis
360 1274 448 1333 sicut
471 1282 528 1334 cst
551 1268 744 1341 confessi0,
770 1272 835 1333 nisi
870 1270 1011 1331 haberet
1045 1288 1091 1330 ex

20 1356 24 1364 Ι
128 1379 207 1460 lege
231 1379 357 1440 divina.
951 1432 954 1437 .

211 1482 345 1547 Contra
367 1486 432 1546 hoc
455 1485 614 1564 objicitur
637 1484 839 1563 duplicitert
865 1482 976 1543 Primo
1010 1484 1095 1562 quia

127 1591 302 1673 glossator
335 1592 549 1653 decretorum
584 1590 636 1650 De
653 1596 761 1668 ponet.
797 1591 866 1650 dist.
889 1610 921 1666 5.
945 1607 1093 1650 movens

128 1700 481 1778 istam-quaestionem
505 1698 588 1760 dicit
610 1696 704 1777 quod
720 1696 862 1757 melius·
890 1706 942 1757 est
977 1696 1091 1757 dicere
1151 1687 1156 1698 ’

127 1806 367 1885 poenitentiam
391 1806 582 1866 Institutam
609 1801 798 1883 aquodam
816 1804 1001 1865 universali
1025 1813 1094 1863 tra*

128 1912 258 1975 ditione
281 1910 448 1973 Ecclesiae
472 1930 574 1992 quam
598 1930 643 1972 ex
660 1911 775 1991 aIIqua
791 1912 992 1972 auctoritate
1009 1910 1091 1971 novi

128 2018 185 2079 vel
208 2020 336 2080 veteris
359 2018 580 2079 Testamenti.
606 2018 755 2085 Secundo,
777 2018 858 2099 quia
874 2017 1009 2078 videtur
1025 2016 1093 2077 hoc'

128 2135 295 2188 statutum
317 2146 381 2207 per
403 2125 593 2187 Ecclesiam
618 2126 736 2186 Extra.
760 2127 797 2184 de
813 2127 921 2202 poeu'r'l.
940 2131 970 2184 el
984 2127 1090 2185 remis.

133 2234 246 2292 Omnis
269 2235 434 2310 utriusque
455 2253 561 2293 sexus.
587 2269 629 2276 —
655 2231 865 2312 Respondeo
881 2232 925 2292 ad
931 2233 1087 2309 primum,

128 2339 227 2400 salva
257 2339 449 2400 reverentia
483 2338 697 2420 glossatoris,
719 2336 1011 2400 'irrationabiliter
1045 2336 1093 2397 lo-·

128 2446 255 2526 quitur,
280 2446 362 2526 quia
384 2445 467 2507 dicit
490 2455 524 2506 et
548 2465 616 2506 non
640 2444 776 2525 probat;
802 2445 986 2506 dicit-enim
1004 2443 1092 2505 illud

128 2562 295 2614 statutum
319 2570 395 2613 esse
419 2551 596 2621 Ecclesiae,
621 2561 655 2613 et
680 2550 811 2612 nullum
824 2551 1011 2631 capitulum
1036 2551 1093 2612 ad·

128 2659 181 2720 dit
204 2658 246 2718 ad
266 2645 343 2720 hoc.
361 2657 599 2721 Irrationabile
615 2659 706 2720 enlm
719 2668 810 2719 esset
834 2659 892 2719 uni
909 2657 1092 2738 Theologo

128 2766 242 2826 dicere
265 2765 394 2845 aquuid
418 2784 494 2826 esse
522 2774 688 2828 statutum
728 2783 772 2826 ex
796 2783 925 2826 canone
966 2763 1092 2825 Bibliae

129 2881 165 2932 et
189 2890 256 2933 non
280 2873 425 2951 probare
448 2891 509 2952 per
541 2871 698 2933 Bibliam.
725 2869 892 2934 Similiter
922 2872 1091 2931 secundnm

130 2997 199 3039 non
225 2978 327 3048 valet,
351 2981 433 3058 quia
457 2979 542 3040 illud
566 2988 732 3040 statutum
757 2976 822 3039 fuit
850 2987 1003 3058 tempore
1039 2975 1094 3037 In-

130 3087 278 3146 nocentii
303 3084 365 3160 III,
391 3095 426 3148 et
449 3096 562 3147 tamen
586 3086 629 3147 de
645 3085 855 3146 Poenitentia
880 3085 1014 3146 locutus
1038 3093 1093 3145 est

130 3193 355 3273 Augustinus
378 3212 439 3272 per
462 3193 590 3254 multos
614 3211 722 3253 annos
750 3194 783 3252 in
810 3191 879 3252 Lib.
905 3193 1038 3250 devera
1062 3197 1095 3250 et

118 3300 200 3380 ficto
225 3299 420 3360 pandentia.

227 3407 331 3465 Tertia
361 3406 531 3476 Conclusio,
560 3406 721 3466 videlicet
744 3405 836 3484 quod
853 3403 1023 3466 confessio
1040 3423 1094 3464 ca-

128 3511 180 3573 dit
203 3513 267 3572 sub
291 3521 465 3592 praecepto
492 3513 643 3592 positivo
678 3513 807 3582 divim,
832 3512 995 3592 probatur
1029 3531 1093 3590 per

129 3618 215 3679 illud
231 3619 325 3697 Joan.
350 3639 420 3679 20..·
445 3617 599 3699 Quorum
624 3619 825 3680 remIseritIs
852 3627 1001 3697 peccata,
1026 3628 1090 3678 etc.
