2600 4200
354 201 542 263 Disrurcr.
570 200 641 263 XV
671 202 822 282 QuAEsr.
848 204 881 265 ΙΙ
1020 226 1081 285 203

144 389 219 442 tum
231 400 276 442 ex
288 382 433 461 pecunia
447 378 617 441 ioenorata
633 401 701 443 non
718 390 852 443 tenetur
863 382 1013 453 reddere,
1027 384 1106 445 alio-

145 488 230 567 quin
246 489 306 567 qui
329 488 451 568 recipit
472 497 591 567 posset
598 488 691 568 juste
718 506 794 549 esse
810 491 996 559 usurarius,
1022 492 1104 571 quia

144 596 297 674 recipere
311 591 459 655 fructum
471 596 729 674 provenientem
747 595 790 656 de
805 614 869 657 sua
883 598 1029 676 pecunia
1044 616 1105 678 per

145 701 348 762 industriam
372 700 513 761 alterius
536 710 589 761 est
611 699 724 763 facere
748 721 907 774 usuram;
943 712 977 764 et
1012 704 1104 765 istud

143 816 198 868 est
220 808 314 887 quod
335 808 449 891 magis
471 807 629 869 homines
650 818 769 888 posset
792 810 953 891 inducere
969 810 1012 871 ad
1028 828 1106 872 usu·

143 933 228 982 ram,
252 915 334 993 quia
356 914 529 975 lucrantes
561 914 604 975 de
637 916 762 983 usuris,
788 914 872 976 illud
900 916 992 996 quod
1026 918 1104 997 quis

144 1021 296 1082 lucratur
319 1040 388 1081 non
411 1030 547 1081 tenetur
560 1023 751 1091 restituere,
770 1023 874 1082 immo
891 1022 978 1084 illud
1002 1042 1102 1085 suum

144 1136 207 1198 est,
232 1129 314 1207 quia
335 1146 397 1207 per
420 1146 517 1189 suam
541 1128 743 1189 industriam
780 1110 984 1208 acquisitum
1009 1138 1101 1203 erat;

144 1235 294 1296 alienum
318 1245 431 1295 autem
456 1234 704 1295 restituendum
728 1244 790 1295 est.

233 1343 285 1401 De
308 1343 405 1407 terito,
435 1341 565 1401 scilicet
588 1343 641 1400 cui
662 1350 797 1402 tenetur
820 1344 1009 1412 restituere,
1026 1343 1103 1404 dico

144 1448 236 1529 quod
261 1445 488 1534 damnificato,
513 1448 542 1508 si
559 1456 672 1508 tamen
690 1448 735 1509 sit
750 1448 925 1527 possibile,
938 1449 1103 1528 possibile

143 1558 294 1635 iuquam,
319 1562 357 1615 ut
381 1556 409 1614 si
435 1554 531 1614 novit
554 1572 632 1615 eum
656 1564 690 1615 et
717 1554 820 1615 habet
844 1574 921 1616 eum
955 1574 1103 1635 praesen·

142 1672 222 1733 tem,
247 1661 303 1721 vel
326 1660 452 1721 habere
474 1669 599 1740 potest,
623 1669 662 1721 ut
685 1660 750 1721 sibi
774 1662 930 1723 mittatur
946 1662 1019 1723 sine
1035 1680 1103 1723 ma-

139 1770 205 1849 jori
230 1767 456 1837 incommode,
480 1786 583 1846 quam
607 1766 694 1827 illud
718 1768 809 1847 quod
821 1768 1025 1830 mittendum
1038 1778 1100 1839 est,

143 1884 234 1937 esset
257 1874 341 1936 utile
365 1875 395 1934 ei
420 1875 474 1935 cui
498 1875 700 1935 mitteretur.

232 1982 283 2042 De
305 1987 426 2060 quarto,
455 1981 585 2042 scilicet
608 1981 732 2060 quando
755 1991 890 2042 tenetur
910 1982 1099 2053 restituere,

142 2090 220 2151 dico
243 2088 335 2170 quod
359 2108 427 2150 non
451 2088 530 2149 iicet
554 2088 670 2168 aliquo
686 2096 840 2168 tempore
856 2088 1007 2150 detinere
1024 2088 1102 2150 alie·

143 2215 224 2257 num
248 2197 358 2257 invito
385 2195 533 2264 domino,
558 2195 619 2256 sed
654 2196 689 2255 in
724 2195 860 2256 casibus
895 2196 1100 2276 quandoque

141 2303 222 2364 licet
256 2299 391 2362 differre
425 2303 675 2362 restitutionem
711 2299 956 2382 [exteriorem]‚
987 2304 1101 2382 posita

141 2419 254 2470 tamen
275 2409 346 2489 jam
370 2409 532 2478 interiori,
550 2407 681 2468 scilicet
695 2407 872 2470 voluntate
899 2409 1099 2470 restituendi

141 2535 219 2577 cum
244 2524 422 2576 occurrent
444 2515 710 2576 circumstantiae
734 2524 947 2594 opportunae.
973 2513 1028 2576 Illi
1046 2533 1101 2576 au-

140 2633 209 2684 tem
234 2641 334 2684 casus
357 2641 425 2682 non
450 2631 595 2702 possunt
618 2622 721 2683 modo
732 2621 982 2700 particulariter
994 2621 1101 2700 expli-

141 2731 221 2798 cari,
246 2731 327 2809 quia
349 2729 616 2789 circumstantiae
640 2728 750 2788 notari
774 2727 909 2796 debent,
926 2746 1004 2788 cum
1029 2729 1100 2807 qui·

140 2854 275 2916 cunque
298 2835 403 2896 vellet
426 2835 675 2895 restitutionem
701 2834 764 2894 sibi
791 2853 857 2895 non
874 2829 946 2894 fieri
965 2836 998 2894 in
1015 2852 1100 2914 prae·

136 2943 303 3022 judicium
334 2942 598 3011 communitatis
623 2941 680 3002 vel
715 2941 749 3001 in
785 2937 970 3001 diffamiam
1006 2942 1100 3002 resti-

141 3050 270 3111 tuentis
292 3059 326 3109 et
349 3047 553 3128 hujusmodi.

229 3261 292 3323 AD
314 3273 589 3322 ARGUMENTUM
620 3262 655 3319 in
688 3261 891 3328 contrarium,
917 3258 1097 3320 dicendum

139 3369 233 3450 quod
256 3369 413 3429 nesciens
435 3367 532 3428 illum
556 3367 611 3426 cui
635 3374 780 3436 tenetur,
806 3365 906 3426 debet
922 3365 1002 3426 dare
1018 3384 1099 3446 pau-

139 3475 288 3556 peribus,
313 3485 376 3536 ete.
