2600 4200
235 249 299 307 324
473 229 547 290 Lus.
574 227 625 289 IV
652 225 960 290 Suntuununuu

572 338 592 343 ....
1005 337 1033 343 m..
1052 337 1149 344 ,tumn—0>
1162 337 1183 344 .-

211 407 312 468 Patet
335 410 437 470 etiam
462 408 579 468 Extra.
606 407 657 467 De
678 409 778 468 cleric.
791 409 913 485 conjug.
940 403 1011 470 Sed
1038 405 1187 468 difficul-

210 524 265 575 tas
288 525 341 576 est
365 515 399 574 in
423 515 632 595 assignando
656 528 794 576 causam
817 514 964 594 qualiter
980 533 1078 576 sacer
1094 514 1182 575 ordo

211 621 376 701 impediat
398 622 664 683 matrimonium.

300 730 416 806 Aliqui
437 727 555 788 dicunt
578 727 670 807 quod
694 727 758 789 hoc
789 736 841 789 est
879 737 1035 806 propter
1055 737 1180 788 votum

208 835 378 895 castitatis
402 835 584 903 adnexum,
609 834 653 895 ad
676 833 769 914 quod
792 831 967 915 obligatur
990 835 1050 913 qui
1069 836 1179 896 susci·

210 942 262 1020 pit
286 941 439 1003 ordinem
464 959 607 1001 sacrum.
634 977 675 985 »-
705 940 821 1001 Contra
844 941 900 999 hoc
922 942 1081 1010 instatur,
1095 943 1184 1020 quia

212 1057 272 1108 aut
296 1058 414 1110 votum
440 1047 532 1108 istud
556 1057 609 1108 est
633 1048 682 1108 sic
699 1047 870 1109 adnexum
887 1047 969 1126 quia
984 1048 1186 1126 suscipiens

212 1164 328 1224 vovet,
354 1165 412 1215 aut
436 1153 673 1214 tantummodo
697 1153 779 1233 quia
802 1171 847 1214 ex
870 1162 1044 1232 praecepto
1060 1151 1181 1214 Eccle-

210 1261 273 1322 siae
296 1269 350 1320 est
372 1261 469 1340 quasi
495 1261 667 1322 adnexum
692 1259 785 1338 quod
808 1268 944 1321 tenetur
977 1261 1109 1320 servari
1136 1279 1180 1320 ac

210 1367 239 1427 si
265 1375 415 1427 voveret.
442 1367 557 1427 Primo
580 1366 682 1427 modo
707 1384 785 1434 non,
810 1367 892 1446 quia
907 1365 1023 1428 nullus
1039 1384 1179 1428 vovens

210 1483 317 1534 vovet
339 1472 499 1544 nolitum;
525 1471 586 1533 sed
610 1473 675 1533 iste
698 1472 889 1552 suscipiens
920 1489 1055 1533 sacrum
1087 1471 1183 1533 ordi·

210 1590 288 1640 ne'm
311 1579 475 1658 possibile
500 1587 552 1640 est
576 1579 669 1658 quod
692 1577 854 1659 explicite
878 1578 963 1640 velit
986 1580 1177 1639 nonconti-

209 1704 304 1756 nere;
329 1705 414 1766 ergo
439 1686 512 1766 ipse
537 1705 604 1746 non
628 1694 734 1745 vovet
765 1685 1020 1746 continentiam.
1053 1682 1091 1746 Si
1125 1704 1181 1746 se·

208 1792 322 1853 cundo
345 1792 457 1862 mod0,
482 1811 566 1873 ergo
582 1789 788 1854 contrahens
804 1791 846 1854 de
861 1789 952 1852 iacto
968 1790 1177 1870 simpliciter

209 1898 389 1959 contrahit.
415 1898 584 1960 Probatur
606 1899 724 1958 Extra.
761 1897 812 1958 De
845 1900 983 1958 matrim.
1019 1903 1181 1958 comaclo

208 2011 316 2064 contra
340 2005 538 2064 interdictum
561 2004 726 2072 Ecclesioe,·
748 2003 828 2064 licet
851 2005 942 2064 enirn
976 2011 1096 2064 contra
1126 2005 1178 2065 in·

209 2112 390 2172 terdictum
415 2110 579 2172 Ecclesiae
605 2128 705 2173 nemo
729 2110 851 2172 debeat
866 2111 910 2172 ad
922 2110 1074 2173 secunda
1089 2120 1180 2173 vota

208 2218 363 2287 transire,
389 2227 502 2278 tamen
527 2219 554 2278 si
569 2226 720 2279 transeat
736 2235 804 2278 non
820 2226 961 2297 propter
974 2216 1041 2277 hoc
1058 2218 1176 2279 matri·

201 2326 361 2385 monium
386 2324 596 2385 dissolvitur.
622 2324 664 2384 Si
684 2324 768 2383 dr'cas
790 2324 834 2385 ad
857 2325 1002 2404 primam
1037 2332 1174 2405 partem

209 2433 414 2511 argumenti,
439 2430 532 2510 quod
556 2432 620 2491 iste
644 2430 702 2511 qui
739 2431 903 2509 reciperet
936 2430 1090 2493 ordinem
1123 2449 1178 2490 sa·

208 2556 304 2597 crum
329 2547 471 2597 voveret
495 2537 686 2597 castitatem
711 2537 745 2596 in
769 2532 859 2597 facto
881 2536 963 2599 licet
979 2554 1047 2597 non
1064 2537 1100 2596 in
1116 2554 1179 2595 vo·

209 2642 350 2713 luntate,
360 2644 441 2723 quia
453 2643 583 2722 antiqui
598 2642 694 2703 latini
711 2650 891 2712 voverunt,
904 2652 940 2703 et
951 2643 1016 2703 iste
1029 2642 1175 2721 suscipit

209 2748 321 2809 simile
345 2751 498 2829 signum3
523 2750 578 2807 hoc
601 2768 663 2808 non
686 2750 775 2816 ualet,
804 2750 885 2830 quia
909 2748 1024 2811 nullus
1038 2756 1177 2818 tenetur

208 2874 254 2915 ex
278 2865 360 2916 voto
385 2855 427 2915 ad
455 2864 572 2915 votum
608 2852 735 2916 facturn
769 2855 813 2918 ab
846 2854 925 2923 alio,
960 2855 1112 2915 maxime
1143 2856 1173 2915 si

208 2962 312 3022 habet
336 2972 454 3023 votum
468 2963 685 3022 contrarium.
704 2961 886 3031 Praeterea,
899 2960 1082 3022 orientales
1098 2962 1177 3021 sive

208 3068 314 3148 graeci
341 3068 532 3147 suscipiunt
557 3068 644 3128 idem
671 3070 810 3150 signum
827 3076 862 3128 et
877 3078 991 3129 tamen
1004 3067 1078 3127 sine
1090 3076 1177 3127 voto

208 3175 388 3233 castitatis,

299 3280 379 3339 Dico
402 3298 477 3356 ergo
500 3278 592 3359 quod
617 3280 681 3343 hoc
706 3288 850 3340 nonest
880 3288 1020 3359 propter
1053 3288 1172 3338 votum

208 3388 430 3447 eontinentiae
457 3387 628 3449 adnexum
654 3386 765 3446 ordini
789 3403 896 3454 sacro,
920 3394 959 3445 ut
981 3384 1064 3446 dicit
1086 3402 1175 3463 prae·

207 3494 333 3554 cedens
357 3494 483 3573 opinio,
509 3493 570 3553 sed
594 3503 715 3553 estex
739 3492 804 3553 hoc
827 3492 910 3571 quia
920 3491 1075 3553 Ecclesia
1089 3488 1175 3551 facit

207 3597 310 3660 talem
335 3618 515 3677 personam
541 3599 742 3677 simpliciter
767 3598 983 3679 illegitimam
999 3597 1043 3659 ad
1057 3596 1175 3657 matri·
