2600 4200
223 257 285 318 ¹04
490 239 563 301 Lm.
590 238 634 301 111
659 238 952 302 Ssurenrmnuu

196 466 296 527 quam
322 444 461 507 formam
487 445 518 506 in
551 439 713 506 infinitum
749 445 781 506 in
816 453 905 506 actu:
940 463 1019 526 ergo
1042 463 1101 505 nec
1126 443 1160 505 in

196 553 351 632 potentia,
377 551 468 633 cujus
491 551 690 614 contrarium
703 560 796 624 esset,
813 551 839 612 si
863 549 967 612 forma
983 560 1090 631 posset
1102 571 1161 612 au·

195 659 262 740 geri
286 659 319 720 in
343 657 517 720 infinitum.

261 764 435 836 Parturire,
459 786 535 846 quae
559 773 636 827 sunt
660 765 824 827 dissimilia
839 763 1007 826 dissimiles
1035 763 1159 825 habent

150 856 152 859 ⁵
194 891 377 952 processus;
401 873 458 934 sed
483 871 647 934 materiale
669 882 702 934 et
725 870 860 933 formale
883 879 958 933 sunt
980 869 1157 946 dissimilia;

194 997 273 1058 ergo
296 977 418 1039 habent
441 978 610 1040 dissimiles
630 998 808 1059 processus
827 977 891 1042 Sed
912 997 1078 1058 processus
1111 977 1157 1038 ad

194 1084 357 1145 materiale
380 1105 438 1165 per
475 1085 668 1147 divisionem
703 1094 752 1148 est
787 1084 818 1146 in
858 1083 1036 1159 infinitum
1074 1103 1157 1164 ergo

193 1209 362 1272 processus
395 1192 437 1252 ad
477 1190 618 1253 formam
653 1212 709 1274 per
750 1190 988 1273 appositionem
1023 1199 1070 1252 est
1107 1191 1153 1254 ad

196 1297 383 1360 terminum.

260 1404 432 1478 Praeterea‚
458 1405 623 1487 appetitus
636 1405 790 1467 naturalis
804 1425 868 1468 non
885 1413 933 1468 est
945 1403 1074 1478 frustra3
1096 1405 1157 1466 sed

192 1509 218 1572 si
242 1521 324 1572 esset
347 1512 501 1592 quaelibet
524 1511 629 1573 forma
652 1512 902 1594 augmentabilis
925 1512 957 1573 in
981 1510 1156 1586 infinitum,

192 1626 270 1680 tunc
294 1619 456 1700 appetitus
480 1617 633 1680 naturalis
656 1628 740 1681 esset
752 1617 867 1681 frustra
880 1619 955 1700 quia
969 1640 1033 1682 non
1046 1626 1157 1701 potest

193 1724 353 1806 attingere
376 1745 472 1787 suum
489 1725 675 1787 terminum.

257 1831 430 1905 Proeterem
455 1831 672 1912 Philosophus
691 1849 725 1910 j.
750 1831 852 1910 Plrys.
876 1831 953 1894 dicit
980 1833 1068 1914 quod
1092 1852 1157 1893 nu-

193 1956 300 1998 merus
322 1947 371 1999 est
387 1938 661 2020 augumentabilis
685 1938 717 2000 in
735 1937 907 2012 infinitum,
924 1939 1001 2020 quia
1023 1939 1086 2000 itur
1108 1940 1156 2001 ad

192 2043 381 2120 materiam;
407 2064 471 2107 non
496 2055 606 2108 autem
630 2045 795 2109 divisibilis
825 2045 858 2108 in
879 2043 1049 2119 infinitum,
1074 2046 1155 2127 quia

190 2150 254 2212 itur
276 2152 318 2212 ad
343 2150 501 2228 formam;
526 2173 606 2234 crgo
629 2154 810 2215 seeundum
834 2172 890 2215 eos
913 2154 945 2214 in
970 2151 1081 2215 formis
1101 2164 1155 2216 est

190 2266 302 2320 status.
328 2258 419 2320 Idem
443 2258 521 2320 dicit
543 2278 573 2321 2.
598 2260 637 2321 de
662 2259 788 2321 Am'ma
811 2260 1064 2342 quodomnium
1092 2280 1154 2323 na-

191 2372 263 2424 tura
275 2364 495 2426 constantium
512 2374 663 2427 eertuset
676 2366 908 2429 determinatus
931 2376 978 2429 est
997 2386 1156 2430 numerus

192 2471 425 2551 magnitudinis
447 2482 480 2533 et
514 2473 691 2555 augmenti.
717 2472 762 2535 Et
786 2491 815 2535 Ι.
839 2474 1035 2555 degenerat.
1059 2474 1155 2555 quod

191 2596 240 2638 res
263 2577 415 2639 animatae
439 2579 570 2640 aluntur
594 2598 732 2661 semper,
757 2589 918 2662 augentur
941 2589 1065 2642 autem·
1083 2600 1155 2644 non

190 2702 327 2763 semper.

260 2785 294 2856 T
287 2788 432 2859 eluendo
454 2794 582 2858 aretem
606 2791 701 2854 istam
725 2792 923 2875 opinionem,
947 2794 995 2855 ad
1000 2792 1154 2874 primum

189 2895 319 2958 alterius
342 2896 503 2978 opinionis
531 2899 606 2961 dico
629 2900 720 2980 quod
753 2920 817 2962 non
852 2902 948 2973 valet,
972 2900 1048 2981 quia
1071 2909 1155 2963 tunc

189 3003 295 3065 omnis
318 3004 442 3076 entitas
467 3026 542 3066 cum
567 3004 607 3067 sit
620 3006 845 3089 participative
856 3007 998 3069 entitatis
1021 3006 1153 3083 divine,

188 3117 298 3189 posset
321 3110 431 3191 augeri
456 3111 487 3172 in
505 3110 688 3187 infinitum„
704 3114 793 3194 quod
817 3122 944 3176 nonest
967 3112 1151 3177 verisimile.

189 3212 340 3276 Similiter
364 3216 526 3298 capacitas
549 3238 615 3280 non
640 3228 748 3301 potest
781 3220 893 3303 augeri
921 3220 954 3283 in
986 3218 1152 3283 infinitum

190 3320 246 3383 sed
272 3324 439 3401 usquead
463 3334 588 3387 certum
612 3326 799 3389 terminum.

255 3426 314 3488 Ad
332 3429 507 3492 secundum
520 3431 593 3493 dico
605 3434 695 3513 quod
708 3434 814 3495 omnis
830 3432 935 3497 forma
954 3432 1035 3496 infra
1055 3454 1152 3496 suam

191 3542 341 3595 naturam
354 3543 387 3596 et
409 3536 549 3616 speciem
578 3538 677 3601 habet
701 3540 931 3603 determinatos
956 3541 1085 3622 gradus
1118 3550 1153 3605 et

190 3658 317 3719 semper
341 3660 424 3702 unus
449 3653 555 3721 potest
586 3646 675 3707 alteri
707 3646 782 3708 addi
817 3648 1032 3729 quoadusque
1055 3647 1155 3711 deve·
