2600 4200
210 209 272 287 396
435 205 510 268 Lm.
536 203 589 267 IV
612 203 917 269 Sauraurtnnun

184 389 266 448 tatis
290 388 326 448 in
349 387 549 467 corporibus
583 387 702 456 beatis,
728 388 818 448 sicut
852 386 980 448 dictum
1015 396 1069 448 est
1109 387 1162 450 de

185 493 470 575 impassibilitate.
495 493 570 555 Dos
596 495 687 555 enim
724 513 792 554 non
826 503 880 555 est
913 493 1007 555 aliud
1040 514 1159 574 quam

185 601 321 662 debitus
344 601 427 661 ordo
451 600 531 662 huic
554 602 687 681 corpori
717 602 918 680 inquantum
943 607 996 663 est
1019 599 1162 681 perfec·

186 708 282 770 tibilo
304 709 368 770 hac
392 709 515 769 anima,
540 707 636 789 Ergo
660 707 715 769 hic
739 718 792 769 ost
815 726 895 769 vere
918 707 980 769 dos
1014 709 1159 770 subtili-

185 817 266 878 tatis
289 816 369 877 data
391 817 524 896 corpori
550 815 713 897 glorioso
738 822 776 876 ut
799 833 861 894 pro
883 815 995 876 lubito
1018 817 1156 878 animae

185 925 231 985 sit
253 922 418 1004 possibile
442 923 485 984 ad
507 923 768 985 coexistendum
799 941 877 983 cuni
902 921 969 984 alio
992 942 1149 1003 corpore.

275 1032 325 1090 De
348 1033 438 1091 tertio
460 1030 640 1111 principali
666 1030 791 1091 dicitur
817 1030 910 1110 quod
944 1030 1008 1091 dos
1041 1031 1147 1091 subti-

184 1137 291 1199 litatis
316 1158 382 1198 non
406 1149 459 1199 est
483 1137 599 1217 aliqua
632 1137 781 1217 qualitas
816 1139 852 1198 in
887 1156 1039 1217 corpore,
1062 1139 1142 1218 quia

186 1244 280 1306 nulla
302 1246 531 1326 repugnantia
554 1245 729 1306 invenitur
751 1245 797 1306 ibi
822 1264 867 1306 ex
891 1255 988 1324 parte
1015 1246 1168 1325 quantis

184 1362 293 1414 tatum
317 1372 379 1432 per
400 1353 540 1414 modum
570 1353 717 1413 actionis
751 1351 795 1413 ad
830 1371 933 1432 quarn
968 1353 1146 1414 ordinatur

184 1459 342 1540 qualitas,
367 1460 457 1521 unde
481 1461 570 1521 sicut
593 1461 627 1522 in
651 1478 794 1540 corpore
829 1459 892 1520 dos
927 1460 1147 1539 impassibili-

185 1568 266 1629 tatis
289 1575 363 1628 erat
385 1568 451 1629 sibi
474 1587 578 1629 causa
600 1569 805 1638 extrinseca,
830 1576 870 1628 ut
883 1566 1024 1646 aliquod
1035 1585 1145 1648 agens

186 1693 254 1735 non
278 1685 396 1754 posset
418 1693 521 1755 agere
544 1675 579 1735 in
603 1674 689 1735 illud
723 1675 857 1734 actione
891 1674 1070 1744 contraria,
1095 1675 1146 1736 sic

185 1781 248 1842 dos
271 1781 472 1843 subtilitatis
496 1800 564 1842 non
588 1789 641 1842 est
665 1782 730 1842 nisi
756 1781 840 1842 ordo
861 1781 997 1841 debitus
1014 1779 1057 1840 ad
1072 1800 1148 1842 coe·

185 1887 383 1948 xistendum
407 1887 510 1948 simul
533 1905 610 1949 cum
634 1887 701 1947 alio
725 1906 877 1967 corpore,
902 1888 960 1966 qui
984 1896 1038 1948 ost
1061 1887 1146 1948 ordo

184 1996 400 2056 extrinsecus
424 2013 492 2056 non
515 1995 722 2056 intrinsecus
745 1991 941 2056 formaliter.

270 2208 332 2270 Ao
344 2208 1007 2289 nnounauruuincontrariumquando
1020 2208 1147 2271 dicitur

184 2315 277 2395 quod
300 2316 368 2376 duo
387 2334 531 2395 corpora
542 2315 695 2395 gloriosa
707 2334 773 2377 non
786 2323 931 2395 possunt
941 2335 1018 2377 osse
1030 2315 1145 2386 simul,

184 2442 263 2501 quae
287 2432 400 2483 tamen
424 2423 537 2503 magis
560 2423 770 2483 conveniunt
797 2440 899 2501 quarn
923 2442 1049 2502 corpus
1072 2424 1147 2505 glo-

184 2530 311 2590 riosum
336 2537 370 2589 et
401 2548 468 2589 non
504 2528 705 2611 gloriosum.
742 2528 829 2590 Dico
864 2529 957 2608 quod
991 2529 1055 2590 hoc
1091 2540 1145 2591 est

184 2644 324 2715 propter
346 2634 559 2697 voluntatem
583 2636 738 2714 corporis
762 2635 926 2716 gloriosi;
955 2638 1017 2697 dos
1051 2636 1142 2696 enim

80 2780 84 2791 ·
184 2741 385 2803 subtilitatis
408 2750 461 2802 est
484 2750 523 2803 ut
549 2761 674 2821 corpus
709 2741 899 2823 gloriosum
934 2744 1044 2821 possit
1065 2761 1143 2803 esse

184 2847 286 2910 sirnul
309 2866 387 2909 cum
410 2848 478 2909 alio
501 2868 642 2929 corporo
666 2849 709 2909 ad
726 2850 906 2929 imperium
930 2848 1140 2921 voluntatis;
1232 2916 1237 2941 Ι

184 2955 245 3017 sod
267 2956 358 3017 actui
383 2956 484 3017 istius
507 2956 674 3037 agilitatis
698 2965 871 3038 repugnat
893 2956 987 3035 quod
1021 2957 1067 3017 sit
1102 2958 1144 3016 si·

183 3064 255 3124 mul
278 3081 355 3125 cum
379 3062 447 3124 alio
471 3082 611 3144 corpore
634 3064 807 3145 glorioso;
833 3082 932 3144 aeque
956 3064 1046 3125 enim
1071 3083 1146 3143 per·

172 3169 273 3231 'fecta
295 3181 376 3231 sunt
398 3179 434 3231 et
456 3190 555 3251 aeque
589 3170 723 3232 nobilia¹
751 3172 883 3232 ratione
916 3170 1018 3251 hujus
1052 3171 1144 3232 dotis
1243 3178 1244 3212 ³

184 3278 252 3338 duo
275 3296 418 3357 corpora
441 3277 603 3358 gloriosa,
627 3286 663 3338 et
693 3277 769 3338 ideo
804 3277 847 3338 ad
882 3279 1061 3357 imperium
1086 3286 1143 3337 vo·
1244 3269 1247 3279 '

184 3384 336 3454 luntatis
362 3403 429 3444 non
453 3393 566 3463 potest
600 3382 712 3445 faeere
746 3402 851 3445 unum
887 3402 965 3445 cum
999 3383 1068 3444 alio
1103 3391 1142 3444 ut

185 3492 313 3554 sintin
337 3492 455 3553 eodem
480 3491 555 3553 loco
582 3491 696 3553 simul.
