2600 4200
232 196 294 275 236
461 192 536 257 Lm,
561 192 614 255 IV
637 190 944 257 Sertrmrmmm

208 383 243 437 et
266 394 345 437 vere
368 376 541 455 poenitens
564 375 684 455 primo,
719 381 754 435 et
787 382 917 454 partem
952 374 1171 454 poenitentiae

209 483 403 563 impositam
427 481 581 561 explens,
606 490 640 543 et
665 490 743 543 ante
766 489 872 543 totam
897 481 1069 561 expletam
1087 482 1173 542 reci-

209 591 331 651 divans
356 590 389 650 in
413 589 565 659 mortale,
590 598 625 651 et
642 590 676 649 in
693 588 753 651 illo
769 588 903 650 mortali
921 588 1089 650 decedens
1106 608 1171 669 pro

208 706 304 778 parte
327 697 542 777 poenitentiae
566 696 703 759 residua
719 695 890 776 explenda
905 695 1017 757 solvet
1028 714 1170 776 poenam

209 806 244 867 in
269 803 410 873 inferno,
434 804 496 865 sed
519 805 655 866 nonnisi
672 803 904 883 temporalem,
922 814 956 864 et
972 810 1086 865 tamen
1099 822 1169 864 non

209 912 287 993 plus
310 912 447 973 videtur
469 912 511 972 de
535 911 593 972 illo
617 930 719 991 quam
743 911 928 990 deprimo.

298 1020 342 1079 El
361 1021 393 1078 si
412 1018 538 1097 objicias
561 1027 688 1089 contra,
713 1018 794 1098 quia
816 1020 865 1079 sic
889 1018 924 1078 in
956 1014 1088 1079 inferno
1104 1018 1172 1079 erit

210 1126 407 1206 redemptio
439 1133 478 1186 ut
508 1126 674 1206 arguebat
708 1124 905 1205 praecedens
941 1125 1067 1204 opinio
1102 1124 1171 1185 diso

210 1233 302 1313 quod
324 1234 359 1295 in
383 1230 516 1295 inferno
539 1233 633 1294 nulla
643 1233 708 1294 erit
725 1231 913 1312 redemptio
929 1231 1022 1292 illius
1037 1232 1169 1311 peccati

210 1359 363 1421 proquo
387 1349 440 1402 est
463 1340 654 1401 damnatus.
680 1337 749 1401 Sed
772 1339 829 1401 ille
853 1358 921 1400 non
945 1335 1010 1400 luit
1034 1338 1172 1400 damna·

211 1457 267 1510 tus
289 1466 351 1528 pro
383 1456 523 1528 peccato
557 1446 694 1517 veniali,
730 1446 821 1527 quod
854 1454 963 1526 patet;
1003 1464 1066 1507 nec
1103 1443 1171 1506 fuit

211 1555 391 1617 damnatus
414 1574 476 1634 pro
500 1554 559 1615 illo
582 1562 722 1634 peccato
747 1554 788 1615 de
812 1573 881 1633 quo
904 1552 988 1613 alias
1011 1550 1078 1613 iuit
1093 1571 1172 1614 con·
1205 1558 1211 1567 '

211 1664 312 1723 tritus
335 1670 370 1723 et
393 1659 580 1730 confessus.
605 1662 687 1741 quia
710 1680 772 1741 pro
795 1660 854 1722 illo
878 1659 1029 1722 debitum
1054 1677 1171 1739 poenae

212 1779 351 1833 aeternae
374 1765 439 1830 fuit
461 1775 706 1830 commutatum
731 1769 765 1830 in
790 1768 940 1829 debitum
958 1785 1072 1847 poenae
1089 1774 1172 1828 tem·

211 1876 352 1957 poralis;
377 1877 454 1937 ideo
477 1895 544 1937 non
568 1874 670 1937 valet.

301 2052 363 2116 ΑΙ)
385 2066 659 2116 ARGUMENTUM
683 2055 717 2112 in
739 2054 941 2120 contrarium,
970 2070 1060 2134 nego
1071 2071 1173 2112 conse-

212 2164 380 2241 quentiam.
406 2161 464 2223 Ad
482 2162 696 2238 probationem
720 2160 796 2221 dico
820 2159 911 2240 quod
928 2177 995 2220 non
1012 2168 1064 2221 est
1080 2159 1173 2220 simi-

212 2268 254 2337 le,
278 2269 360 2348 quia
383 2287 522 2348 peccare
545 2277 598 2328 est
628 2266 734 2328 libere
767 2285 880 2348 agere,
915 2275 950 2328 et
983 2284 1044 2345 pro
1079 2273 1170 2326 statu

213 2376 295 2447 viae;
320 2393 499 2456 resurgere
522 2383 646 2442 autem,
682 2373 745 2434 hoc
780 2382 841 2442 est,
878 2373 1062 2434 immunem
1097 2369 1170 2432 fieri

214 2502 234 2542 a
257 2492 405 2562 peccate,
441 2501 508 2543 non
545 2481 687 2560 requirit
721 2479 826 2542 libere
860 2498 964 2562 agere
998 2479 1100 2540 etiam
1135 2478 1170 2538 in

213 2589 280 2660 via,
304 2597 367 2650 etc.
900 2563 912 2592 ⁹

562 2798 744 2881 QoAEsmo
768 2798 830 2860 ΙΙΙ.

336 2944 393 3004 Ad
412 2945 535 3003 terlzom
562 2943 771 3018 Quoslionem
794 2943 838 3002 sic
855 2941 1053 3019 proceditur:

304 3084 451 3146 Videtur
474 3084 566 3164 quod
588 3082 764 3145 confessor
786 3101 854 3144 non
871 3090 1026 3143 teneatur
1037 3063 1173 3160 semper

216 3193 324 3255 celare
347 3201 523 3271 peccatum
535 3190 600 3251 sibi
613 3191 648 3252 in
665 3188 878 3251 confessione
895 3188 1075 3258 detectum,
1092 3189 1173 3267 quia

215 3301 346 3362 licitum
370 3309 423 3360 est
452 3299 636 3376 unicuique
671 3297 869 3358 renunciare
900 3295 967 3375 juri
1002 3313 1078 3368 su0;
1111 3295 1172 3355 sed

216 3405 308 3486 quod
331 3414 507 3485 peccatum
532 3411 687 3464 teneatur
710 3413 877 3464 secretum
893 3401 958 3462 hoc
974 3409 1027 3463 est
1043 3401 1085 3463 de
1096 3401 1172 3481 jure

217 3511 423 3583 confitentis;
448 3531 532 3592 ergo
549 3519 662 3590 potest
674 3509 753 3572 huic
766 3509 832 3590 juri
845 3510 1053 3579 renunciare,
1067 3516 1102 3570 et
1112 3526 1173 3588 per

182 3654 186 3660 ·
217 3637 429 3700 consequens
452 3617 610 3680 sacerdos
633 3617 759 3700 poterit
781 3626 863 3679 tunc
888 3615 973 3680 illud
995 3615 1155 3678 revelare.
