2600 4200
202 261 245 328 70
477 243 551 304 Lm.
576 244 622 306 ΙΙΙ
647 243 942 307 Sauraurmauu

180 455 354 528 gumenta;
371 445 395 508 si
412 454 522 508 autem
540 445 654 509 formae
667 447 917 510 introducuntur
929 467 985 530 per
1002 456 1143 518 motum,

179 563 212 614 et
246 553 376 634 agentia
412 573 477 615 non
513 563 613 635 agant
648 554 753 625 simul,
789 561 868 616 tunc
902 552 1018 614 dicitur
1052 553 1145 633 quod

179 659 288 741 plures
322 659 437 722 formae
476 659 622 740 ejusdem
653 660 769 741 speciei
809 680 874 722 non
907 669 1043 740 possunt
1073 679 1146 720 esse

179 765 276 827 simul
300 765 332 826 in
356 767 482 840 eodem,
508 766 601 846 cujus
625 767 707 828 ratio
722 775 771 827 est
786 765 863 846 quia
879 774 989 827 motus
1013 774 1146 826 nonest

180 871 238 936 nisi
252 881 383 954 propter
400 871 644 953 dispositionem
661 873 846 955 oppositam
865 871 980 934 formae
997 881 1143 947 uaturae;

178 979 237 1041 sed
270 978 295 1041 si
327 999 427 1059 agens
462 979 603 1041 inveniat
626 980 658 1041 in
684 979 795 1041 mobili
826 979 968 1041 formam
994 978 1142 1058 ejusdem

179 1085 295 1167 speciei
309 1084 423 1147 formae
436 1106 503 1148 suae
516 1096 549 1148 et
565 1107 629 1148 non
655 1086 795 1149 inveniet
818 1087 926 1167 ipsum
950 1086 1011 1148 sub
1034 1085 1147 1168 dispo-

180 1191 295 1253 sitione
310 1193 478 1274 opposita;
495 1213 574 1276 ergo
590 1213 655 1255 non
674 1194 818 1256 movebit
834 1193 941 1275 ipsum
957 1192 1146 1273 simpliciter

181 1308 218 1359 ut
255 1298 387 1360 inducat
426 1299 522 1362 aliam
558 1298 698 1361 sormam
736 1300 793 1362 sed
831 1298 964 1381 augebit
1003 1297 1146 1361 sormam

181 1404 445 1486 praeexistentem
474 1406 504 1467 in
531 1405 653 1468 mobili.

248 1511 306 1573 Ad
325 1522 556 1594 argumentum
573 1511 761 1593 Philosophi
777 1531 807 1574 2.
825 1513 906 1574 Met.
923 1511 1040 1574 dieitur
1053 1512 1145 1592 quod

180 1619 355 1680 auctoritas
379 1618 565 1700 Philosophi
590 1619 733 1701 loquitur
755 1620 798 1681 de
820 1617 933 1681 formis
948 1617 1146 1680 introductis

181 1745 239 1806 per
264 1733 402 1789 motum.

248 1831 306 1892 Ad
324 1832 500 1894 secundum
524 1831 639 1894 dicitur
663 1833 753 1913 quod
778 1831 978 1913 receptivum
999 1830 1147 1892 denuda-

180 1946 233 1999 tur
256 1959 275 1998 a
299 1937 404 1999 forma
428 1939 547 2020 recepti
571 1939 705 2019 quando
718 1937 753 2001 fit
769 1937 911 2019 receptio
927 1958 984 2018 per
1002 1946 1142 2010 motum,

181 2043 258 2107 alias
283 2064 357 2111 non.
383 2045 492 2108 Aliter
513 2045 636 2108 dicitur
659 2046 749 2128 quod
763 2046 959 2127 receptivum
978 2044 1075 2106 debet
1087 2044 1144 2106 de-

182 2152 296 2213 nudari
320 2173 340 2214 a
364 2150 468 2214 forma
485 2152 604 2234 recepti
627 2154 760 2233 quando
785 2151 1141 2234 perficitursecundum

182 2278 274 2319 suam
299 2259 523 2339 capacitatem.
539 2260 635 2321 Nunc
651 2269 762 2321 autem
775 2260 801 2321 si
825 2259 856 2320 in
870 2257 1005 2320 materia
1018 2278 1146 2339 ponun-

182 2375 235 2426 tur
258 2365 418 2427 distinctae
443 2367 597 2447 potentiae
622 2386 768 2439 numeru,
804 2375 883 2427 tunc
918 2366 1005 2426 nulla
1040 2362 1147 2425 forma

183 2470 307 2552 perficit
331 2472 499 2534 materiam
535 2472 637 2553 ipsam
685 2473 866 2534 secundum
905 2480 1010 2533 totam
1046 2470 1148 2551 ipsius

182 2578 405 2659 capacitatem.

250 2809 309 2872 Ao
335 2824 477 2875 Parrum
503 2824 763 2874 nnuunsn'ruu
786 2810 916 2872 alterius
940 2809 1040 2891 partis
1063 2808 1150 2871 dan-

182 2924 235 2978 tur
260 2918 372 2979 multae
396 2916 573 2980 solutiones
598 2938 662 2980 una
685 2928 734 2980 cst
772 2917 877 2999 posita
915 2916 947 2978 in
987 2915 1154 2998 principio

182 3024 380 3103 quaestionis,
398 3024 460 3085 alia
483 3024 649 3105 responsio
665 3025 760 3086 datur
773 3024 863 3105 quod
877 3023 1012 3085 diversae
1025 3022 1157 3103 species

184 3128 216 3189 in
240 3130 336 3191 oculo
360 3150 424 3191 non
449 3139 524 3193 sunt
547 3130 578 3191 in
595 3131 710 3191 eadem
735 3140 826 3211 parte
850 3128 934 3191 oculi
957 3128 1013 3191 sed
1038 3128 1069 3188 in
1100 3129 1157 3190 di-

184 3236 283 3297 versis
308 3237 460 3316 partibus
493 3274 536 3283 -
575 3238 685 3298 Aliter
721 3235 929 3316 respondetur
960 3245 993 3297 et
1022 3233 1158 3310 melius,

185 3342 275 3422 quod
298 3354 529 3423 argumentum
555 3365 619 3406 non
644 3344 738 3417 valet,
763 3343 840 3424 quia
862 3341 1068 3423 istaespecies
1080 3362 1162 3409 nou

186 3448 436 3511 introducuntur
460 3470 516 3531 per
534 3461 671 3512 motum.

238 3554 475 3617 Adsecundnm
484 3556 771 3637 concediturquod
780 3554 1098 3617 diversaaccidentia
1109 3580 1167 3621 re-

185 3659 330 3740 spectiva
342 3661 411 3722 solo
424 3682 559 3724 numero
569 3662 746 3724 differentia
755 3673 892 3744 possunt
900 3681 969 3724 esse
978 3661 1010 3722 in
1019 3661 1166 3729 eodem.
