2600 4200
243 243 285 315 48
471 237 545 298 lis.
571 235 623 298 IV
648 236 954 298 Sevravmnuu

311 415 450 474 Secundo
474 417 536 476 sic:
562 413 694 476 facilior
718 424 770 475 est
787 413 951 476 resolutio
963 433 1064 494 quam
1082 434 1183 496 gene·

220 524 321 593 ratio;
347 522 407 583 sed
431 541 486 582 ars
510 521 706 583 daemonum
731 523 846 583 statim
860 521 1018 601 producit
1032 541 1077 583 ex
1094 541 1181 602 aqua

220 628 359 708 aliquod
384 630 540 698 mixtum,
565 630 646 708 quia
670 629 829 708 producit
851 647 962 697 ranas,
994 629 1105 688 Exodi
1132 647 1180 706 7.,·

220 753 305 815 ergo
328 753 390 814 per
413 745 518 794 artem
543 753 587 795 ex
612 736 722 795 mixto
745 744 859 814 potest
894 737 1009 796 statim
1041 735 1178 814 produci

219 841 425 902 elementum
451 859 558 921 aquae.

310 947 366 1006 Ad
379 949 532 1024 primum,
561 947 637 1008 dico
662 947 753 1028 quod
777 947 906 1028 duplex
930 957 983 1008 est
999 948 1178 1016 subtilitas,

220 1053 351 1114 scilicet
373 1053 527 1114 subtilitas
550 1055 758 1130 simplicitatis
789 1064 823 1115 et
857 1055 1011 1114 subtilitas
1038 1061 1180 1131 penetra·

219 1163 283 1220 tiva
308 1161 446 1221 virtutis
470 1163 602 1221 activae.
629 1159 729 1221 Nunc
753 1172 865 1222 autem
890 1181 980 1241 aqua
996 1158 1179 1222 artificialis

220 1277 273 1328 est
296 1266 454 1328 subtilior
477 1285 566 1347 aqua
589 1267 786 1328 elementari
811 1267 1000 1329 subtilitate
1030 1275 1181 1348 penetra·

219 1374 302 1443 tiva,
327 1383 361 1432 ot
385 1391 452 1434 non
477 1373 667 1434 subtilitate
691 1372 935 1452 simplicitatis;
961 1392 1055 1455 ergo,
1080 1383 1142 1434 etc.

311 1481 366 1538 Ad
384 1479 561 1547 secundum,
590 1478 667 1540 dico
690 1478 782 1559 quod
806 1479 899 1540 aliud
923 1488 975 1541 est
998 1480 1110 1541 dicere
1133 1499 1181 1540 ar·

219 1593 289 1646 tem
313 1585 499 1665 producere
524 1605 657 1666 aquarn,
682 1594 717 1646 et
739 1586 833 1647 aliud
857 1596 918 1648 est·
943 1587 1056 1648 dicere
1090 1586 1181 1647 adhi-

220 1691 300 1752 bere
324 1700 429 1754 artem
455 1694 567 1754 activa
590 1693 748 1772 passivis,
773 1693 899 1772 quibus
932 1693 1095 1754 adhibitis
1125 1711 1182 1774 ge·

221 1809 317 1858 nerat
340 1800 496 1862 mixtum.
515 1797 673 1862 Concedo
689 1817 773 1879 ergo
790 1799 877 1860 bene
894 1799 985 1879 quod
1001 1819 1056 1860 ars
1068 1807 1182 1880 potest

221 1905 381 1966 adhibere
420 1907 532 1967 activa
570 1905 739 1966 naturalia
772 1907 923 1986 passivis
957 1907 1180 1976 naturalibus,

220 2010 346 2090 quibus
362 2012 551 2090 conjunctis
568 2013 722 2091 sequitur
739 2014 838 2082 acti0‚
857 2013 917 2074 sed
933 2031 1001 2073 non
1016 2023 1182 2094 tanquam

221 2118 263 2179 ab
288 2128 369 2187 arte,
395 2118 455 2179 sed
478 2128 640 2198 tanquam
666 2119 708 2179 ab
732 2121 855 2181 activis
878 2131 912 2181 et
946 2123 1097 2200 passivis
1128 2142 1184 2183 na·

220 2225 397 2286 toralibus.

310 2437 371 2497 Ab
417 2450 691 2499 ARouaffluTusr
730 2452 770 2499 iv
808 2452 1068 2501 construuntur
1107 2442 1184 2503 dico

220 2543 415 2623 quodlicet
446 2562 534 2624 aqua
568 2542 755 2607 artificialis
788 2546 912 2607 habeat
946 2546 1062 2627 aliqua
1097 2567 1186 2610 corn-

220 2651 337 2711 munia
360 2651 547 2712 accidentia
570 2670 647 2711 cum
673 2672 761 2732 aqua
777 2651 933 2723 naturali,
947 2662 1063 2715 tamen
1081 2655 1187 2717 habet

220 2756 336 2837 aliqua
358 2757 538 2818 dissimilia
561 2776 581 2817 a
605 2767 678 2819 tota
700 2761 823 2838 specie.
