2600 4200
185 374 289 437 ialsae.
315 375 397 436 Ideo
420 376 496 437 dico
520 376 613 457 quod
637 395 698 438 nec
722 377 822 457 panis
845 364 969 446 rnanet,
995 385 1032 437 ut
1063 377 1147 438 dicit

184 484 295 562 prirna
318 484 448 563 opinio;
474 503 536 545 nec
560 482 778 552 annihilatur,
812 493 849 545 ut
880 483 962 545 dicit
996 484 1145 545 secunda

184 589 314 669 opinio;
340 589 401 650 sed
424 590 636 650 convertitur
652 590 687 650 in
704 585 837 670 Corpus
853 587 991 659 Christi,
1009 599 1047 651 ut
1062 590 1144 650 dicit

184 697 285 756 tertia
308 714 384 774 quae
418 706 470 757 est
504 695 681 757 catholica.
718 694 795 756 Hoc
829 705 942 757 autem
981 696 1144 776 probatur

184 801 443 862 auctoritatibus
468 801 645 864 Ambrosii
670 810 704 863 et
728 802 872 863 aliorum
895 821 983 883 quos
1006 802 1143 864 adducit

184 906 353 990 Magister
377 911 410 968 in
434 911 526 968 litera
550 928 654 989 supra
677 909 761 969 Dz‘st.
785 929 834 970 ro.
860 907 929 971 Sed
945 909 1143 990 principalis

182 1017 270 1076 ratio
294 1015 337 1076 ad
359 1016 424 1077 hoe
441 1016 654 1095 probandum
667 1016 746 1076 talis
762 1026 829 1078 est:
847 1016 901 1078 De
913 1013 1143 1078 Sacramentis

183 1131 236 1182 est
258 1123 442 1183 tenendum
467 1123 555 1183 sieut
578 1131 673 1183 tenet
695 1131 893 1184 sacrosanta
916 1120 1072 1184 Ecclesia
1093 1141 1143 1182 ro

183 1246 293 1298 mana,
317 1229 434 1289 Extra.
460 1230 511 1288 De
534 1229 688 1288 hereticis
710 1229 755 1289 ad
773 1229 972 1296 abolendam:
1003 1229 1064 1290 sed
1093 1246 1144 1289 sa·

182 1343 340 1395 crosanta
363 1344 471 1396 rnater
495 1333 651 1396 Ecclesia
662 1344 756 1396 tenet
772 1354 895 1416 panem
910 1336 1142 1397 transubstan-

183 1442 259 1502 tiari
284 1443 318 1502 in
343 1460 477 1522 corpuS,
502 1451 536 1502 et
570 1443 689 1504 vinum
725 1443 759 1502 in
795 1443 1013 1524 sanguinem
1053 1442 1141 1503 sicut

182 1547 272 1609 clare
296 1548 440 1610 habetur
463 1549 579 1608 Extra.
606 1549 658 1608 De
679 1569 803 1608 summa
836 1549 922 1609 Trin.
954 1555 985 1608 el
996 1549 1067 1628 fide
1095 1569 1144 1608 ca-

182 1655 294 1714 lkolt'ca
317 1662 381 1732 cap.
416 1655 570 1714 Firmiter
601 1657 766 1722 credimus,
806 1655 864 1716 ubi
896 1655 1021 1716 dicitur
1050 1655 1143 1735 quod

179 1759 280 1840 Jesus
303 1758 461 1823 Christus
484 1761 643 1823 sacerdos
667 1771 720 1822 est
743 1773 778 1823 et
801 1759 1014 1831 sacrificium,
1045 1763 1142 1842 cujus

182 1865 315 1946 Corpus
338 1877 372 1928 et
396 1865 549 1950 Sanguis
572 1869 606 1929 in
632 1867 854 1930 Sacramento
877 1868 995 1931 altaris
1019 1869 1053 1930 in
1069 1887 1144 1948 spe

182 1973 298 2034 ciebus
322 1977 421 2054 panis
444 1984 478 2035 et
502 1976 572 2035 vini
599 1976 766 2036 veraciter
799 1977 1025 2046 continentur,
1054 1984 1143 2036 tran·

181 2080 419 2143 substantiatis
443 2100 531 2162 pane
555 2083 589 2144 in
614 2080 749 2163 Corpus
773 2091 807 2143 et
831 2083 912 2144 vino
936 2083 971 2145 in
995 2080 1144 2163 Sangui-

181 2206 258 2249 nem
283 2198 452 2268 potestate
476 2189 602 2258 divina,
629 2198 691 2250 etc.

271 2297 326 2355 Ad
344 2301 667 2379 argumentaautem
691 2297 812 2375 primae
824 2297 1006 2375 opinionis,
1023 2296 1067 2357 ad
1078 2298 1144 2376 pri-

182 2420 272 2461 murn
299 2420 389 2483 nego
413 2404 574 2462 minorem.
600 2401 747 2463 Etcum
771 2402 863 2472 dicit,
896 2403 989 2482 quod
1015 2404 1143 2464 veritas

181 2506 406 2569 Eucharistiae
418 2517 531 2587 potest
543 2509 669 2569 salvari
683 2528 771 2589 pane
783 2519 951 2579 manente,
961 2510 1038 2570 dico
1050 2509 1143 2589 quod

181 2613 256 2674 Deo
280 2615 365 2675 bene
389 2613 511 2676 fuisset
534 2616 700 2694 possibile
723 2617 914 2677 instituisse
940 2616 1033 2696 quod
1063 2614 1144 2678 Cor-

181 2739 247 2799 pus
270 2740 368 2781 suum
394 2740 473 2782 vere
498 2731 588 2783 esset
612 2741 763 2802 praesens
779 2730 938 2783 manente
949 2724 1143 2784 substantia

180 2829 280 2906 panis
304 2828 359 2888 vel
383 2846 459 2889 curn
485 2829 717 2890 accidentibus
751 2848 840 2909 pane
873 2829 1072 2899 annihilato,
1108 2838 1143 2889 et

181 2930 302 2994 fuisset
314 2934 360 2994 ibi
378 2936 505 2995 veritas
521 2934 757 3004 Eucharistiae,
770 2938 851 3016 quia
867 2954 986 2997 verum
1002 2938 1141 3017 signum

181 3050 215 3101 et
238 3060 356 3102 verum
381 3044 570 3123 signatum
597 3042 657 3104 sed
680 3044 745 3104 hoc
770 3062 838 3104 non
861 3052 914 3103 est
937 3044 1038 3104 modo
1056 3043 1144 3102 veri-

181 3156 234 3208 tas
258 3157 329 3210 tota
353 3146 591 3221 Eucharistiae;
620 3151 804 3211 nonenim
839 3150 888 3210 sic
924 3150 1072 3211 instituit
1104 3160 1143 3209 ut

181 3256 297 3316 dicunt
329 3258 548 3317 auctoritates
583 3254 787 3317 Sanctorum
822 3267 856 3317 et
890 3254 1063 3318 Ecclesiae.
1095 3253 1144 3316 Et

180 3380 257 3422 cunr
282 3364 406 3423 dicitur
428 3362 520 3443 quod
544 3363 586 3423 ad
610 3364 787 3424 veritatem
814 3362 1039 3424 Eucharistiae
1057 3362 1142 3423 nihil

180 3466 258 3547 plus
282 3470 465 3549 requiritur
489 3470 553 3529 nisi
580 3487 698 3529 verum
723 3470 860 3550 signum
885 3479 920 3529 et
950 3487 1068 3530 verum
1100 3469 1144 3529 si-

180 3584 335 3654 gnatum,
360 3576 436 3635 dico
460 3577 551 3656 quod
576 3596 695 3637 verum
720 3587 773 3638 est
797 3594 837 3637 eo
862 3575 963 3637 modo
998 3594 1067 3656 quo
1099 3578 1144 3636 siss
