2600 4200
234 199 242 214 ’
293 235 482 302 Drsrmcr.
508 236 647 298 XLVII
676 235 826 318 QuAEsT.
852 237 867 298 Ι
986 257 1046 318 375

201 416 315 476 Prima
338 415 417 476 talis
441 425 514 476 est:
539 414 739 497 Congruum
763 424 817 477 est
851 415 999 478 finaliter
1024 437 1077 478 se·

110 523 223 602 parari
258 541 377 583 omnes
414 523 523 583 malos
557 523 600 582 ab
635 523 794 584 omnibus
833 524 955 584 bonis:
995 523 1078 612 ideo

110 631 202 690 enim
226 629 337 690 malus
360 630 449 690 vivit
471 647 549 690 cum
572 630 675 699 bono,
701 630 756 696 uel
780 641 819 690 ut
841 630 952 691 malus
973 633 1074 692 corri-

111 745 224 817 gatur,
249 735 304 797 vel
328 745 366 797 ut
389 736 500 797 bonus
523 755 585 816 per
607 736 704 797 illum
729 747 939 808 exerceatur,
956 756 1080 798 secun·

110 843 193 904 dum
217 843 477 924 Augustinum3
503 844 564 904 sed
587 835 688 904 istam
723 847 972 924 separationem
997 863 1075 906 con·

110 952 207 1032 gruit
221 948 370 1012 finaliter
379 948 453 1010 fieri
469 969 531 1030 per
542 950 737 1031 generalem
751 952 968 1022 sententiam;
987 969 1077 1032 ergo

110 1074 304 1138 congruum
327 1065 380 1116 est
402 1054 475 1117 fieri
499 1073 560 1136 per
579 1054 740 1137 generale
760 1057 936 1135 judicium.

202 1162 345 1223 Secunda
367 1165 572 1240 congrueniia
596 1173 648 1224 est
672 1164 754 1242 quia
781 1164 815 1223 in
850 1165 991 1224 secretis
1022 1165 1080 1243 ju·'

111 1270 212 1331 diciis
235 1288 314 1349 quae
337 1267 424 1331 fiunt
447 1271 537 1330 circa
559 1268 717 1351 singulas
741 1289 918 1348 personas,
936 1269 1016 1331 licet
1027 1271 1074 1332 sit

32 1446 36 1454 Ι
108 1377 252 1457 justitia,
278 1395 345 1436 non
370 1385 483 1437 tamen
507 1386 560 1437 est
583 1377 743 1437 omnibus
765 1374 963 1448 manifesta;
988 1396 1075 1458 ergo

111 1482 314 1544 rationabile
331 1491 383 1543 est
399 1483 490 1562 quod
507 1482 603 1543 Deus
619 1483 743 1544 habeat
753 1483 894 1563 aliquod
905 1483 1075 1563 judicium

112 1588 274 1670 generale
297 1589 332 1649 in
356 1608 425 1668 quo
448 1586 687 1650 manifestetur
710 1591 882 1650 sententia
894 1598 927 1650 et
939 1589 1075 1668 justitia

113 1695 212 1755 aliter
234 1713 336 1775 quam
360 1697 396 1755 in
415 1695 554 1773 judiciis
577 1695 848 1774 particularibus.

207 1801 314 1862 Tertio
337 1804 540 1879 congruentia
563 1811 616 1862 est
639 1803 720 1881 quia
751 1803 839 1863 sicut
862 1821 917 1863 res
945 1810 1074 1863 exeunt

113 1927 134 1968 a
156 1909 266 1987 primo
290 1906 466 1977 efficiente,
492 1909 540 1968 ita
554 1907 763 1969 reducuntur
786 1909 821 1970 in
855 1907 979 1980 finem;
1012 1909 1073 1969 sed

113 2024 239 2096 praeter
262 2013 428 2094 speciales
451 2016 566 2076 exitus
589 2033 702 2077 rerum
727 2035 747 2075 a
773 2015 849 2076 Deo
880 2034 941 2095 per
972 2017 1072 2076 istam

113 2123 344 2203 operationem
368 2123 411 2183 de
445 2142 513 2202 qua
546 2123 629 2183 dicit
663 2121 841 2185 Christus:
867 2124 964 2183 Pater
987 2144 1079 2183 meus

114 2230 299 2308 usquemodo
321 2235 476 2307 operatur,
504 2237 613 2307 elego
636 2235 755 2307 operor,
784 2227 849 2291 fuit
866 2230 1074 2291 universalis

113 2337 229 2397 exitus
252 2338 287 2396 in
310 2337 422 2416 prima
454 2355 567 2398 rerum
601 2338 793 2408 creatione;
829 2356 913 2418 ergo
946 2346 1082 2417 praeter·

114 2443 308 2524 singulares
330 2443 547 2504 reductiones
570 2462 761 2523 congruum
786 2452 839 2505 est
870 2462 945 2504 esse
969 2462 1073 2504 unam

113 2548 249 2610 finalem
273 2550 504 2611 reductionem
529 2551 563 2609 in
588 2568 688 2610 suurn
710 2548 824 2621 finem,
848 2558 884 2610 et
912 2568 974 2629 per
997 2568 1075 2610 con·

114 2675 261 2736 sequens
284 2656 395 2717 adhuc
419 2664 553 2735 oportet
576 2674 702 2735 ponere
729 2674 832 2716 unam
868 2656 1073 2717 sententiam

116 2762 322 2845 generaliter
345 2760 566 2823 definitivam.

206 2869 330 2943 Quarta
352 2871 556 2946 congruentia
579 2878 633 2929 est
655 2870 737 2948 quia
758 2876 885 2949 praeter
900 2867 964 2928 hoc
981 2868 1074 2947 quod

114 2977 349 3056 unusquisque
380 2976 592 3036 adscribatur
624 2993 734 3056 regno
758 2973 813 3036 vel
836 2975 975 3043 carceri,
1001 2982 1075 3035 tota

114 3083 297 3144 multitudo
310 3084 377 3143 ista
387 3083 537 3161 praevisa
549 3082 592 3143 ad
608 3101 753 3163 regnum
770 3082 872 3143 debet
888 3081 1075 3161 aliquando

115 3190 331 3251 determinari
355 3190 398 3251 ad
432 3189 677 3269 possidendum
711 3188 807 3259 illud,
833 3197 867 3249 et
901 3197 973 3249 tota
1007 3186 1082 3249 alia.

115 3295 298 3357 multitudo
321 3296 422 3357 debet
456 3297 582 3357 carceri
607 3296 783 3365 vindicari,
809 3303 847 3356 ut
870 3295 916 3355 sit
938 3312 1075 3373 seques·

115 3403 216 3464 tratio
239 3403 382 3463 duarum
406 3403 585 3464 civitatum
608 3412 643 3464 et
665 3399 883 3471 familiarum,
896 3410 934 3461 ut
950 3406 1074 3463 tractat

34 3565 40 3577 ,
115 3508 338 3591 Augustinus
361 3508 432 3569 Lib.
458 3509 509 3569 De
537 3509 602 3569 Cio.
627 3509 701 3569 Dei.
727 3505 797 3570 Sed
831 3507 917 3569 illud
950 3505 989 3568 fit
1012 3525 1075 3587 per

115 3616 285 3697 quandam
309 3617 513 3677 sententiam
537 3614 752 3696 generalem
777 3632 872 3695 ergo,
897 3622 959 3675 etc.
