2600 4200
285 216 474 278 DISTINCT.
500 213 671 277 XXXIV
696 213 847 294 QUAEST.
870 213 905 275 II
997 235 1059 293 317

120 395 213 477 quod
236 397 271 456 in
296 395 513 456 matrimonio
537 401 610 455 rato
633 403 687 454 est
703 392 783 454 data
798 401 952 472 potestas
968 410 1084 472 corpo

120 523 196 564 rum
221 504 254 563 in
279 501 479 563 habitudine
502 501 547 561 ad
570 511 683 561 aetum
708 499 805 560 illum
818 500 846 560 si
863 507 1000 579 petatur
1012 499 1079 568 ille,

119 618 156 671 et
178 609 255 670 ideo
279 609 362 669 dicit
385 626 493 670 canon
517 605 609 687 quod
622 605 883 686 impossibilitas
899 603 1001 666 officii
1019 605 1084 666 sol·

121 717 172 777 vit
195 714 382 776 vinculum.

212 926 353 991 florida
381 925 598 990 mel'usdo
622 933 676 986 est
698 925 791 1004 quod
815 925 1017 1004 impotentia
1039 924 1083 986 ad

119 1034 218 1096 iilum
243 1043 356 1095 actum
381 1033 436 1094 cui
472 1032 647 1094 subveniri
682 1041 797 1112 potest
830 1050 892 1110 per
925 1039 1082 1092 naturam

120 1141 178 1203 vel
201 1159 261 1220 per
285 1149 402 1208 artem,
427 1139 502 1200 sive
526 1139 571 1199 sit
594 1135 768 1219 frigiditas
784 1138 858 1198 sive
875 1135 1086 1199 maleficium

120 1247 196 1308 sive
219 1247 361 1307 arctatio
385 1265 453 1306 non
471 1243 614 1324 impedit
630 1245 895 1305 matrimonium.
914 1243 984 1306 Sed
999 1264 1081 1325 quo

120 1352 223 1414 modo
246 1354 438 1413 innotescat
460 1350 598 1431 quando
623 1351 827 1430 impotentia
842 1369 910 1411 non
934 1359 988 1411 est
1009 1369 1083 1430 per-

119 1468 225 1540 petua
248 1459 308 1520 sed
332 1459 375 1518 ad
408 1467 555 1537 tempus,
590 1466 625 1517 et
660 1456 709 1517 illi
744 1466 858 1537 potest
892 1457 1079 1527 subveniri,

120 1566 267 1627 habetur
298 1566 416 1625 Extra.
451 1565 489 1624 de
511 1561 602 1641 frig.
627 1569 659 1623 et
679 1562 786 1639 males.
810 1585 835 1624 c.
864 1563 1081 1626 Laudabilem.

119 1672 258 1734 Debent
280 1673 372 1733 enim
406 1689 468 1752 per
501 1671 687 1732 triennium
722 1670 825 1731 simul
859 1670 1014 1732 habitare
1048 1681 1084 1732 et

119 1779 202 1840 dare
225 1797 363 1860 operam
388 1778 437 1839 ilii
463 1778 573 1848 actui;
599 1777 693 1857 quod
716 1778 746 1838 si
759 1786 880 1857 postea
896 1777 1083 1840 reclamant

120 1893 283 1966 tanquam
308 1887 514 1965 impotentes
537 1884 580 1945 ad
604 1883 701 1945 illum
728 1893 842 1944 actum
877 1884 1002 1945 debent
1032 1884 1084 1964 ju·

120 2009 195 2053 rare
219 2009 296 2052 cum
320 1991 467 2071 septima
488 2009 601 2051 manu.
628 1989 809 2070 Decipitur
839 1998 954 2050 tamen
991 1991 1083 2051 circa

121 2097 186 2161 hoc
210 2097 395 2179 aliquando
419 2095 584 2167 Ecclesia,
610 2106 745 2159 etcum
784 2105 918 2158 constat
953 2095 995 2157 de
1029 2095 1085 2159 de·

120 2205 289 2284 ceptione,
310 2204 406 2283 jubet
434 2222 494 2264 eos
528 2222 615 2283 quos
650 2211 869 2282 separaverat
903 2202 946 2263 ad
969 2203 1085 2282 priora

120 2319 204 2373 vota
227 2309 347 2371 redire.

211 2519 273 2581 AD
296 2532 570 2581 ARGUMENTUM
594 2522 627 2579 in
650 2522 844 2579 contrarium
875 2520 951 2581 dico
990 2520 1084 2600 quod

120 2626 255 2708 obligat
279 2645 315 2687 se
340 2626 519 2687 adactum
544 2628 573 2687 si
597 2635 734 2705 petatur
749 2625 871 2687 saltem
887 2645 950 2706 pro
966 2626 1082 2707 aliquo

120 2742 275 2813 tempore
299 2732 534 2803 determinato,
559 2732 619 2794 sed
650 2730 739 2793 infra
773 2732 913 2812 aliquod
946 2742 1083 2812 tempus

121 2858 191 2902 non
214 2848 349 2920 oportet
372 2838 513 2900 reddere
537 2840 640 2899 istum
665 2847 778 2900 actum
795 2840 825 2899 si
848 2838 934 2900 velit
956 2840 1084 2901 intrare

118 2944 335 3027 religionem.
361 2944 439 3007 Non
464 2946 514 3005 sic
541 2944 583 3007 de
617 2942 678 3006 illo
711 2946 770 3024 qui
805 2944 908 3006 habet
943 2944 1084 3025 impedi·

119 3060 274 3113 mentum
298 3061 511 3133 perpetuum,
536 3052 617 3132 quia
640 3070 709 3111 non
732 3060 848 3132 potest
870 3070 908 3113 se
927 3051 1083 3133 obligare

120 3157 301 3220 adactum
326 3177 388 3238 pro
411 3176 616 3238 quoeunque
639 3166 803 3237 tempore,
828 3158 857 3218 si
893 3167 947 3218 est
980 3159 1085 3238 impe·

119 3263 310 3325 dimentum
349 3272 572 3344 perpetuum;
613 3263 689 3325 sola
725 3273 839 3324 autem
879 3264 1083 3343 impotentia

119 3380 287 3450 perpetua
309 3370 452 3450 impedit
469 3371 733 3439 matrimonium,
762 3379 800 3431 ut
823 3370 951 3431 dictum
978 3372 1084 3431 estin

127 3496 153 3537 r.
178 3474 293 3539 Concl.
318 3477 419 3557 hujus
443 3474 666 3557 Quaestionis
