2600 4200
222 246 285 287 κιο
435 226 510 288 L1s.
536 225 587 287 IV
612 224 919 289 Snurnu'rrnnuu

196 406 350 475 mutati0,
368 404 463 467 nulla
478 413 531 466 est
546 406 634 465 ratio
650 423 756 484 quare
772 406 885 486 magis
901 424 1065 485 unapars
1080 424 1161 467 con·

196 510 410 573 tradictionis
443 521 496 573 est
529 530 612 572 vera
646 530 747 592 quam
784 511 860 572 alia.
888 546 928 555 -
961 512 1159 590 Respmtsrb:

196 618 346 679 concedo
381 620 531 697 majorem
565 618 704 699 proprie
739 619 937 698 accipiendo
972 621 1151 685 transitum,

196 724 257 785 sed
280 724 335 785 hic
359 744 428 787 non
451 732 504 786 est
526 726 664 805 proprie
698 726 873 797 transitus,
899 725 959 786 sed
994 724 1156 787 voluntas

196 846 262 909 Dei
285 867 348 929 pro
372 847 432 909 illo
455 850 596 910 instanti
630 868 694 929 pro
728 868 796 930 quo
830 858 948 930 peccat
983 850 1048 911 iste
1081 848 1158 910 vult

196 956 299 1017 istum
323 974 399 1017 esse
422 956 643 1036 puniendum,
668 975 730 1037 pro
765 955 833 1018 alio
863 965 977 1019 autem
1012 957 1154 1017 instanti

196 1063 272 1125 vult
294 1081 372 1124 eum
397 1082 465 1123 non
489 1081 566 1124 esse
589 1063 799 1143 puniendum
825 1062 943 1125 eadem
978 1062 1158 1124 voluntate

196 1169 361 1231 immobili
390 1178 620 1249 permanente.
986 1170 989 1173 ’

287 1381 428 1445 Tertia
455 1380 685 1456 Oorwlttnto,
698 1382 790 1462 quod
802 1382 959 1443 remissio
985 1380 1097 1462 culpae
1121 1392 1157 1442 et

197 1485 322 1549 infusio
346 1490 470 1569 gratiae
493 1507 531 1549 se
554 1488 682 1549 habent
705 1480 794 1551 sie'ut
816 1488 938 1551 relatio
954 1489 1097 1549 rationis
1121 1498 1155 1550 et

196 1597 285 1657 actio
308 1595 419 1657 realis.
444 1594 516 1656 Ista
539 1593 723 1658 Conclusio
746 1605 841 1676 patet
857 1614 902 1657 ex
918 1592 1052 1656 duabus
1072 1593 1158 1657 Con-

196 1702 407 1763 clusionibus
429 1702 723 1781 praecedentibus;
759 1702 903 1763 habetur
934 1688 1028 1762 'enim
1064 1701 1156 1782 quod

196 1806 321 1870 infusio
345 1810 468 1889 gratiae
492 1818 545 1870 est
569 1810 658 1871 actio
682 1810 795 1880 realis
813 1810 887 1871 sive
910 1810 957 1871 sit
972 1809 1015 1869 de
1028 1826 1154 1891 genere

196 1914 372 1995 qualitatis
410 1917 484 1976 sive
522 1916 565 1977 de
600 1934 726 1997 genere
752 1916 938 1986 relationis,
963 1924 1001 1977 ut
1028 1913 1154 1977 diversi

196 2022 425 2083 diversimode
449 2022 615 2092 sentiunt;
640 2041 685 2083 ex
702 2021 929 2085 Conclusione
942 2030 1054 2083 autem
1072 2040 1158 2102 prae⁴

196 2129 329 2191 cedenti
352 2130 497 2191 habetur
520 2130 612 2211 quod
636 2131 793 2192 remissio
823 2130 935 2210 culpae
959 2139 1011 2190 est
1035 2129 1155 2190 relatio

196 2237 347 2297 rationis.

286 2449 347 2510 Au
370 2463 644 2511 Aneunnmun
669 2453 702 2509 in
726 2452 918 2510 contrarium
940 2449 1027 2536 dico
1062 2450 1156 2529 quod

188 2538 265 2618 non
288 2567 341 2617 est
364 2555 475 2617 simile
499 2556 541 2618 de
564 2558 782 2636 corruptione
808 2554 929 2617 iormae
963 2564 998 2617 et
1031 2555 1073 2616 de
1108 2575 1157 2616 re·

197 2664 359 2724 missione
383 2662 504 2743 culpae.
530 2671 567 2724 ut
591 2672 686 2742 patet
709 2681 753 2723 ex
777 2661 886 2723 dictis.

552 2980 734 3062 Quffisrro
757 2981 800 3044 ll.

298 3127 353 3185 Ad
372 3127 537 3185 secundum
565 3127 773 3200 Quoeslionem
797 3127 841 3186 sic
858 3125 1055 3202 proceditur:

287 3284 434 3346 Videtur
457 3286 549 3365 quod
573 3305 640 3346 non
666 3287 710 3347 sit
734 3287 962 3346 necessarium
992 3283 1034 3346 ad
1068 3283 1158 3344 salu·

197 3402 266 3452 tem
290 3395 459 3472 peccatori
484 3390 636 3453 confiteri
662 3393 776 3453 omnia
799 3401 939 3471 peccata
955 3410 1017 3452 sua
1040 3387 1157 3450 Sacer·

198 3498 279 3567 doti,
305 3501 386 3578 quia
408 3499 491 3560 dicit
524 3498 749 3561 Cassiodorus
784 3517 888 3579 super
924 3497 1008 3559 illud
1044 3497 1155 3556 Psal:

198 3605 293 3672 Dixi,
318 3603 505 3665 confitebor
528 3605 709 3666 adversum
734 3624 797 3674 me,
822 3615 907 3666 etc:
932 3603 1063 3685 Magna
1096 3605 1157 3664 mi·
