2600 4200
227 255 269 330 96
454 252 529 313 Lm.
555 250 607 312 IV
633 248 939 313 Snurnuunnuu

292 429 355 492 AD
378 443 494 492 rsrnn
518 442 777 505 Qumsrmunn
793 429 870 490 dico
886 436 956 491 tres
971 425 1167 489 Conclusio

203 557 273 598 nes.
299 538 412 597 Prima
428 545 480 600 est
496 537 589 616 quod
606 535 824 598 Eucharistia
839 544 892 596 est
907 533 1165 596 Sacramentum

203 663 305 704 novae
329 643 427 725 legis.
454 643 597 704 Secundo
622 643 715 723 quod
738 641 955 703 Eucharistia
978 651 1031 702 est
1047 639 1166 702 Sacra·

202 759 354 812 mentum
372 750 598 812 excellentius
615 752 704 811 inter
720 747 941 812 Sacramenta
952 767 1053 809 novae
1065 747 1163 829 legis.

212 859 316 918 Tertia
339 860 491 918 conclusio
514 867 566 918 est
591 859 619 919 si
656 856 913 918 Sacramentum
938 853 1164 916 Eucharistiae

201 974 255 1025 est
279 984 394 1026 unum.

291 1176 446 1240 louinco
475 1175 692 1240 Conwlusio
709 1178 758 1236 sic
775 1175 951 1255 probatur:
970 1171 1166 1235 Sacramen-

201 1292 275 1344 tum
300 1282 525 1362 plenitudinis
549 1285 673 1364 gratiae
708 1292 760 1343 est
795 1300 856 1361 pro
890 1291 1044 1361 tempore
1075 1279 1165 1362 legis

201 1391 336 1471 gratiae;
362 1390 422 1451 sed
446 1387 705 1450 Sacramentum
729 1387 956 1449 Eucharistiae
980 1395 1033 1448 est
1049 1384 1166 1448 Sacra·

188 1506 353 1557 mentum
378 1495 603 1575 plenitudinis
627 1497 762 1577 gratiae;
780 1513 864 1575 ergo
880 1493 1097 1555 Eucharistia
1112 1502 1165 1554 est

201 1601 461 1664 Sacramentum
485 1621 585 1664 novae
608 1603 707 1683 legis.

208 1745 210 1750 ,
291 1709 460 1780 Proterea,
493 1707 751 1770 Sacramentum
787 1727 886 1769 novae
920 1707 1010 1788 legis
1040 1715 1092 1768 est
1123 1708 1166 1767 si·

201 1835 308 1896 gnum
333 1815 496 1876 sensibile
520 1817 667 1897 gratiam
699 1814 775 1885 Dei,
811 1814 867 1875 vel
901 1811 1059 1876 effectum
1089 1832 1166 1895 gra·

200 1924 324 1983 tuitum
350 1920 531 1984 efficaciter
555 1923 699 2004 signans
722 1941 767 1983 ex
790 1923 1006 1983 institutione
1031 1920 1163 1992 divina;

200 2030 261 2090 sed
285 2028 537 2090 Eucharistiam
562 2031 723 2110 ponimus
747 2025 903 2089 effectum
940 2027 1006 2089 Dei
1038 2028 1165 2111 gratui-

200 2145 284 2207 tum,
310 2136 441 2197 scilicet
464 2138 685 2197 existentiam
709 2134 871 2215 Corporis
905 2133 1046 2206 Christi;
1078 2153 1164 2216 ergo

200 2242 459 2304 Sacramentum
484 2241 712 2304 Eucharistiae
725 2250 778 2303 est
794 2239 1052 2303 Sacramentum
1064 2259 1164 2302 novae

200 2349 299 2430 legis.
325 2349 437 2409 Minor
458 2349 632 2429 probatur,
667 2349 749 2428 quia
782 2348 846 2409 sub
882 2348 951 2409 illis
984 2347 1164 2429 speciebus

200 2456 358 2537 signatur
389 2454 522 2536 Corpus
557 2454 683 2517 Christi
719 2456 886 2516 veraciter
920 2456 1096 2525 contineri,
1128 2462 1163 2515 et

199 2572 313 2623 tamen
338 2561 406 2623 illae
430 2564 561 2642 species
585 2562 649 2623 hoc
674 2581 742 2623 non
766 2559 925 2623 efficiunt.
955 2598 996 2605 —
1021 2559 1098 2623 Hoc
1114 2580 1163 2621 ar·

199 2678 402 2750 gumentum
426 2679 479 2730 est
514 2666 635 2730 efficax
670 2677 789 2730 contra
823 2667 902 2729 illos
936 2668 995 2747 qui
1030 2676 1163 2747 ponunt

199 2774 458 2836 Sacramentum
483 2775 608 2836 habere
632 2776 799 2836 actionem
816 2784 972 2854 respectu
989 2775 1037 2835 rei
1050 2774 1163 2855 signa·

198 2891 253 2952 tae,
278 2882 338 2942 sed
363 2901 431 2943 non
457 2890 547 2943 esset
572 2890 691 2943 contra
713 2900 778 2951 me,
803 2882 884 2961 quia
907 2890 945 2942 ut
969 2882 1080 2943 visum
1097 2877 1162 2941 luit

199 2990 291 3048 circa
313 2990 518 3069 principium
544 2988 645 3068 hujus
670 2985 1052 3066 Quarti,'Sacramenta
1081 2996 1161 3048 sunt

199 3096 302 3175 signa
324 3105 456 3156 tantum
482 3092 630 3155 efficacia
654 3105 810 3175 respectu
841 3096 890 3155 rei
925 3096 1071 3176 signatae
1104 3093 1160 3154 vel

200 3203 334 3282 gratiae.

292 3412 481 3477 &onmia
509 3413 737 3489 Conclusio,
762 3413 892 3474 scilicet
915 3413 1007 3493 quod
1030 3412 1160 3474 Eucha-

198 3520 296 3580 ristia
318 3528 370 3580 est
394 3519 619 3581 excellentius
644 3516 901 3582 Sacramentum
930 3521 1019 3580 inter
1045 3516 1160 3581 Sacra·

199 3636 315 3686 menta
339 3645 438 3686 novae
463 3627 553 3706 legis
577 3625 768 3687 declaratur
791 3646 834 3686 ex
860 3626 1072 3706 quadruplici
1099 3621 1160 3685 dii·
