2600 4200
452 895 774 1005 Distinctio
812 894 1054 1002 XXVII.

371 1170 476 1251 Cum
511 1170 709 1251 Christus
736 1174 862 1249 fidem
894 1175 940 1248 et
970 1194 1124 1268 spem...
1270 1155 1271 1198 ¹

447 1294 542 1361 Circa
566 1297 665 1361 istam
689 1297 776 1360 Dist.
799 1314 853 1381 27.
877 1296 1058 1379 quoeritur:

633 1456 811 1539 Qumsmo
835 1457 859 1520 Ι.

338 1614 444 1670 Utrum
462 1614 501 1670 sit
518 1614 619 1683 nuqua
639 1614 732 1669 virtus
759 1614 917 1681 theologum
942 1612 1082 1669 iuullmm
1107 1612 1143 1668 td
1158 1607 1213 1665 uli

262 1703 388 1771 gundum
407 1702 500 1759 Deum
518 1704 729 1773 superomnia.

334 1848 378 1910 Et
401 1848 529 1911 videtur
551 1850 641 1930 quod
666 1869 742 1923 non,
759 1849 835 1930 quia
851 1848 877 1909 si
892 1857 976 1910 esset
998 1848 1107 1929 aliqua
1127 1846 1215 1909 virtus

267 1952 422 2017 inclinans
445 1955 488 2017 ad
518 1954 721 2036 diligendum
757 1957 867 2017 Deum
903 1974 1000 2037 super
1033 1954 1149 2027 omnia,
1169 1950 1216 2012 illa

263 2068 349 2124 esset
372 2060 522 2140 amicitia,
546 2060 637 2144 quod
660 2068 751 2143 patet
773 2081 816 2123 ex
839 2060 909 2142 ejus
928 2070 1015 2135 actu,
1039 2060 1115 2142 quia
1135 2065 1215 2121 actus

224 2235 239 2267 ο
267 2166 416 2229 amicitiae
440 2177 487 2229 est
510 2187 637 2244 amare;
663 2168 720 2230 sed
744 2187 808 2229 non
833 2176 881 2230 est
904 2167 1045 2229 amicitia
1061 2168 1103 2229 ad
1119 2167 1216 2228 Deum

263 2275 447 2336 secundum
471 2273 709 2356 Philosophum
726 2293 756 2356 9.
774 2273 884 2336 Ethic.
900 2283 934 2336 et
950 2274 1013 2336 hoc
1033 2284 1082 2336 est
1097 2280 1217 2355 propter

267 2378 530 2461 inaequalitatem,
555 2382 631 2464 quia
656 2381 746 2443 Deus
769 2380 868 2442 habet
886 2400 1057 2449 excessum
1081 2381 1122 2442 ad
1143 2397 1219 2440 erm·

264 2493 383 2559 turam,
408 2487 550 2550 amicitia
573 2497 683 2550 autem
707 2495 756 2548 est
779 2487 860 2548 inter
884 2487 1040 2567 aequalia3
1064 2507 1150 2569 ergo.

335 2610 363 2654 2.
388 2593 557 2668 Praetcrea,
583 2593 671 2656 nulla
693 2594 796 2656 virtus
820 2603 930 2655 movet
960 2594 1002 2655 ad
1036 2603 1146 2656 actum
1168 2592 1220 2653 im·

268 2700 475 2780 possibilem;
500 2701 555 2761 sed
572 2699 705 2782 diligere
730 2700 838 2762 Deum
863 2719 959 2781 super
982 2700 1093 2762 omnia
1107 2708 1155 2772 est
1169 2699 1220 2760 im-

265 2806 426 2887 possibile,
451 2807 527 2889 quia
559 2807 666 2868 nullus
689 2814 796 2887 potest
819 2806 952 2888 diligere
987 2808 1096 2869 Deum
1130 2825 1222 2887 supra

265 2932 312 2974 se.
336 2913 451 2974 Minor
474 2913 630 2995 probatur
653 2913 915 2995 quadrupliciter.
939 2913 1055 2976 Primo
1077 2915 1143 2978 sic:
1169 2933 1221 2974 na-

264 3026 340 3080 tura
374 3019 605 3083 determinatur
640 3020 683 3082 ad
719 3038 843 3096 unum;
879 3021 935 3082 sed
974 3029 1090 3082 natura
1123 3022 1222 3083 deter-

268 3134 362 3187 natur
386 3127 427 3188 ad
451 3127 673 3209 appetendum
700 3147 768 3189 esse
803 3127 972 3209 proprium
995 3149 1037 3189 ex
1058 3146 1090 3190 2.
1113 3127 1152 3190 de
1170 3147 1223 3209 ge-

266 3242 369 3294 nerat.
384 3255 399 3306 ,·
423 3255 502 3315 ergo
526 3255 591 3296 non
617 3243 723 3314 potest
746 3243 899 3315 appetere
916 3254 981 3295 non
997 3255 1065 3296 esse
1081 3234 1140 3308 sui,
1156 3253 1226 3316 pru

266 3347 339 3420 pter
362 3360 429 3400 esse
454 3339 524 3414 Dei,
539 3350 570 3402 et
594 3361 651 3420 per
675 3360 875 3421 consequens
899 3361 964 3402 non
989 3340 1094 3423 diligit
1119 3341 1224 3402 Deum

270 3444 443 3526 plusquam
468 3469 509 3508 se.
536 3445 681 3509 Secundo
704 3447 769 3508 sic:
795 3447 901 3510 omnis
923 3447 1066 3509 amicitia
1081 3468 1157 3529 quae
1179 3455 1225 3509 est

264 3550 310 3612 ad
332 3553 469 3614 alterum
497 3563 545 3615 est
580 3562 713 3634 propter
746 3553 923 3616 amicitiam
958 3575 1035 3635 quae
1057 3563 1107 3616 est
1129 3556 1172 3617 ad
1194 3573 1227 3616 se

265 3675 310 3717 ex
332 3675 364 3738 9.
383 3656 506 3736 Ethic.;
531 3660 588 3721 sed
612 3668 745 3741 propter
769 3659 859 3742 quod
883 3659 1144 3744 unumquodque
1166 3661 1228 3724 tale
