2600 4200
336 285 524 349 Drsnucr.
550 287 599 349 lX
623 285 770 368 Quasi.
794 287 808 348 1
1011 287 1048 347 81

115 491 264 570 sanguine
287 491 471 555 adornavit.
489 492 602 573 Aliqui
627 503 737 554 tamen
751 492 863 554 dicunt
886 492 976 572 quod
993 511 1075 552 crux

115 606 155 656 est
169 597 339 660 adoranda
356 597 544 660 adoratione
560 599 673 672 iatriae,
683 598 773 680 quod
790 617 855 660 non
872 597 979 670 cred0,
993 597 1075 660 sicut

114 711 224 785 dicunt,
238 713 297 774 sed
314 722 367 773 est
381 713 547 776 adoranda
560 714 749 775 adoratione
763 713 975 794 hyperduliae‚
994 711 1076 774 sicut
1104 749 1112 764 ·

112 820 233 880 mmisia
256 820 310 880 vel
335 820 400 881 alia
423 820 493 900 ejus
516 821 717 882 indumenta.

173 924 296 1000 Quinto
313 925 354 986 fit
371 927 517 988 adoratio
533 947 590 1008 per
606 927 757 989 accidens
781 925 905 987 ratione
922 925 1075 986 naturalis

110 1033 388 1094 determinationis
410 1033 461 1094 vel
492 1033 741 1114 complexionis
765 1041 797 1094 et
829 1032 872 1094 sic
896 1032 1074 1093 adorantur

110 1139 249 1201 membra
271 1149 469 1201 sanctorum
489 1149 522 1201 et
537 1141 697 1202 cadavera
721 1139 877 1220 ipsorum,
891 1139 968 1219 quia
992 1138 1075 1199 sicut

108 1245 177 1306 alias
199 1257 380 1308 ostensum
403 1243 464 1306 fuit
486 1246 519 1306 in
542 1247 688 1308 secundo
712 1245 803 1318 libro,
818 1254 947 1326 oportet
970 1245 1001 1306 in
1020 1243 1075 1306 ho·
1103 1231 1105 1236 ⁸

109 1351 188 1413 mine
209 1373 340 1434 ponere
368 1352 464 1412 aliam
499 1350 640 1414 formam
676 1351 920 1414 substantialem
957 1360 1074 1432 praeter

106 1458 241 1520 animam
266 1458 518 1533 intellectivam,
530 1479 607 1540 quae
631 1458 736 1520 forma
764 1466 908 1520 remanet
932 1467 1006 1540 post
1030 1477 1074 1518 se-

107 1567 303 1644 parationem
342 1565 467 1627 animae
502 1566 715 1638 intellectivae,
732 1574 765 1626 et
799 1574 847 1627 est
881 1573 1018 1626 extensa
1041 1563 1072 1624 in

106 1671 245 1753 subjecto
267 1682 304 1735 et
320 1680 437 1755 potest
460 1671 558 1733 dividi
582 1671 762 1733 secundum
787 1670 976 1734 divisionem
1001 1669 1074 1732 sub-

104 1791 180 1856 Jectr.

166 1993 226 2055 Ao
242 2007 342 2055 rma
360 2003 594 2053 secunaum
611 2003 847 2053 numenium
860 2009 935 2070 quae
952 1989 1073 2050 habent

103 2099 231 2163 eundem
248 2099 334 2174 vim,
356 2107 449 2179 patet
464 2118 507 2159 ex
524 2096 617 2159 dictis
634 2097 724 2179 quod
737 2096 931 2158 humanitati
952 2095 1070 2159 Christi

104 2206 231 2269 debetur
255 2208 369 2278 latria,
396 2224 464 2267 non
499 2205 633 2285 quidem
658 2213 695 2266 ut
719 2204 751 2265 in
775 2224 809 2265 se
831 2203 986 2283 accipitur
1021 2204 1069 2263 vel

105 2322 135 2375 ut
150 2315 221 2378 Deo
245 2336 306 2397 per
323 2313 419 2375 dona
433 2311 577 2393 gratuita
588 2311 708 2387 unitur,
725 2311 781 2373 sed
798 2311 882 2372 utin
903 2310 1071 2391 supposito

102 2420 204 2484 divino
227 2416 529 2484 substantificatur.

541 2857 642 3213 d
