2600 4200
119 393 276 462 instanti;
303 392 363 452 sed
386 391 543 453 collectio
573 393 721 471 partium
756 393 910 470 corporis
944 391 1084 452 humani

118 500 157 558 in
180 499 436 568 resurrectione,
461 497 499 558 fit
522 500 712 560 ministerio
747 498 963 578 angelorum:
1000 516 1085 578 ergo

119 624 190 665 non
213 603 251 666 fit
276 607 310 665 in
335 606 486 666 instanti.
512 605 621 682 Maj0r
643 613 747 686 patet,
773 606 853 685 quia
877 613 992 666 motus
1015 622 1085 664 non

117 709 159 772 fit
183 712 217 772 in
241 713 393 780 instanti,
426 717 454 772 ό.
480 712 574 790 Phys.
611 713 723 773 Minor
755 721 849 792 patet
884 711 997 771 Malli.
1033 729 1084 786 24.

119 817 238 879 Mittet
261 817 352 879 filius
376 819 526 880 hominis
549 819 694 902 angelos
718 838 800 882 suos
824 839 901 880 cum
936 818 1020 878 tuba
1051 827 1086 878 et

8 993 14 1000 .
121 943 207 986 voce
229 943 357 1006 magna
379 935 414 986 et
436 927 699 1008 congregabunt
722 925 850 988 electos
874 925 947 1010 ejus
969 943 990 984 a
1005 943 1086 1013 qua·
1131 919 1134 928 ’

118 1039 199 1092 tuor
222 1033 335 1092 ventis
358 1051 378 1091 a
401 1033 545 1093 summis
568 1033 734 1094 coelorum
759 1051 868 1112 usque
904 1031 946 1092 ad
973 1031 1087 1094 termi-

118 1154 184 1198 nos
207 1156 335 1199 eorum.

210 1351 273 1412 Da
295 1351 474 1413 rectitudo
499 1349 704 1424 Action-lo,
728 1350 805 1412 dico
829 1350 921 1432 quod
945 1351 1012 1410 ista
1036 1350 1086 1410 in-

118 1454 278 1517 formatio
302 1457 367 1517 erit
392 1458 426 1516 in
450 1458 601 1518 instanti.
627 1455 732 1536 Cujus
756 1457 843 1518 ratio
860 1467 912 1518 est
929 1457 1011 1538 quia
1026 1454 1086 1516 fiet

118 1563 315 1624 immediate
339 1564 467 1624 virtute
490 1563 622 1634 divina;
648 1565 758 1626 virtus
771 1574 884 1624 autem
902 1563 1020 1624 divina
1037 1563 1085 1624 in·

118 1667 217 1729 finita
239 1680 300 1729 est.
327 1666 396 1730 Sed
421 1670 531 1730 virtus
554 1667 688 1731 infinita
704 1679 864 1748 operatur
881 1670 915 1730 in
929 1670 1082 1736 instanti,
1152 1687 1160 1704 ·

121 1777 228 1856 igitur
251 1777 318 1837 ista
341 1774 537 1837 informatio
560 1778 625 1837 erit
649 1778 684 1837 in
709 1777 860 1838 instanti.
891 1812 931 1818 —
964 1775 1086 1836 Notan-

117 1883 193 1940 dum
218 1892 342 1951 tamen,
367 1884 458 1963 quod
482 1902 550 1943 non
575 1883 651 1944 dico
676 1885 776 1946 istam
809 1879 1082 1944 informationem

120 1991 312 2050 necessario
335 1988 408 2050 fieri
433 1990 468 2050 in
492 1990 643 2057 instanti,
669 1991 750 2069 quia
773 1988 853 2050 licet
876 1991 943 2051 ista
974 1989 1085 2050 virtus

118 2096 166 2157 sit
189 2093 330 2162 infinita.
355 2106 470 2176 potest
493 2106 606 2158 tamen
631 2095 826 2157 successive
861 2114 964 2178 agere
995 2095 1085 2157 sicut

119 2202 232 2262 virtus
254 2213 377 2271 creata,
393 2212 428 2263 et
445 2205 638 2263 successive
662 2202 821 2263 inducere
834 2200 977 2263 formam
996 2203 1085 2261 sicut

120 2327 193 2369 suae
218 2306 320 2369 fuerit
342 2309 506 2388 placitum
530 2309 711 2370 voluntati.
725 2306 855 2369 Tamen
879 2308 992 2389 magis
1009 2326 1086 2369 con-

119 2415 216 2495 gruit
239 2415 331 2494 quod
354 2416 420 2475 ista
437 2416 547 2476 virtus
563 2412 706 2475 formam
724 2416 758 2475 in
776 2416 916 2475 instanti
935 2414 1082 2475 inducat.

209 2636 273 2698 De
297 2636 419 2699 tertio
443 2634 636 2698 :luitardo
660 2636 736 2695 dico
753 2635 845 2715 quod
862 2636 942 2697 unio
959 2636 1083 2695 animae

118 2742 341 2804 intellectivae
366 2743 409 2802 ad
432 2760 556 2821 corpus
580 2744 645 2802 erit
669 2742 703 2801 in
728 2742 880 2809 instanti,
894 2752 966 2802 tum
983 2760 1083 2821 prop-

120 2860 172 2911 ter
195 2851 360 2910 rationem
384 2850 594 2928 praedictam,
620 2848 750 2909 scilicet
774 2848 855 2927 quia
879 2857 932 2909 est
955 2866 974 2907 a
1009 2847 1085 2907 solo

120 2956 196 3016 Deo
220 2956 414 3017 immediate
438 2956 535 3035 cujus
559 2956 678 3016 virtuti
703 2956 826 3014 activae
841 2954 926 3015 nihil
942 2955 1082 3015 resistit.

119 3063 209 3123 Tum
234 3064 315 3141 quia
338 3082 404 3123 non
429 3072 542 3141 potest
558 3081 634 3122 esse
650 3062 821 3123 successio
838 3062 873 3121 in
891 3061 1085 3139 receptione

120 3167 239 3229 iormae
264 3170 329 3229 nisi
355 3168 410 3229 vel
434 3178 573 3247 propter
595 3178 711 3247 partes
734 3165 854 3227 iormae
868 3166 1081 3235 inducendae.

120 3275 176 3336 vel
200 3286 339 3355 propter
373 3285 487 3354 partes
522 3276 675 3354 corporis
710 3293 853 3353 quarum
888 3293 957 3333 una
987 3275 1084 3352 prius

120 3384 242 3461 recipit
264 3380 408 3443 formam
432 3401 534 3460 quam
559 3380 635 3442 alia.
672 3380 742 3441 Sed
776 3389 934 3441 neutrum
969 3389 1085 3459 potest

117 3491 201 3569 poni
226 3491 260 3549 in
285 3490 351 3548 ista
374 3489 499 3549 unione
522 3487 662 3558 animae;
698 3486 805 3567 igitur
841 3488 922 3546 unio
956 3488 1081 3547 animae

121 3596 342 3656 intellectivae
366 3596 431 3655 erit
454 3596 488 3655 in
513 3595 665 3653 instanti.
