2600 4200
356 238 545 300 D1sr1uc'1·⁸
573 239 643 300 XII
670 238 821 318 Quntsr.
848 240 881 301 ll
1015 246 1073 320 167

132 425 205 478 tum
230 426 267 477 ut
292 418 493 496 subjectum,
518 418 599 496 quia
615 417 743 479 nullam
761 419 1023 498 dependentiam
1040 420 1102 480 ha·

130 524 190 586 bet
214 523 389 585 definitum
415 523 457 584 ad
480 524 549 584 tale
572 521 748 586 definiens.
767 526 879 584 illinor
893 537 997 605 patet,
1015 528 1100 607 quia

133 629 373 691 universaliter
392 663 394 666 ·
411 649 531 691 omnes
565 633 743 710 passiones
778 634 812 692 in
848 642 920 706 tota
954 635 1100 694 scientia

133 737 371 818 metaphysica
405 738 684 798 demonstrantur
718 738 774 798 de·
795 739 1038 808 accidentibus,
1063 749 1100 800 et

131 863 194 924 per
218 863 255 905 se
279 845 429 906 secundo
454 845 555 905 modo
579 845 739 905 dicuntur
773 846 815 905 de
839 847 898 906 eis.
925 847 1098 906 Probatzo:

135 951 238 1012 velox
262 962 295 1012 et
319 951 453 1013 tardum
481 949 669 1012 fundantur
703 953 736 1012 in
773 960 901 1012 motum
938 954 1026 1014 sicut
1062 956 1097 1014 in

133 1057 307 1137 subjecto;
333 1059 394 1118 sed
418 1058 520 1118 velox
556 1067 589 1118 et
625 1058 759 1119 tardum
795 1069 875 1120 sunt
910 1059 978 1119 duo
1013 1061 1103 1120 acci·

133 1165 250 1224 dentia
273 1174 408 1236 motus;
433 1183 526 1245 ergo
554 1163 599 1224 Et
622 1165 687 1224 hoc
711 1165 878 1244 estquod
906 1145 1103 1226 dieitAvi·
1189 1175 1200 1190 ‘

133 1291 243 1332 cenna
265 1291 294 1332 2.
322 1272 507 1348 illetaplzsc.
534 1291 570 1338 ro,
601 1272 658 1332 ubi
691 1270 870 1332 manifeste
906 1273 981 1332 vult
1004 1274 1097 1352 quod

134 1378 274 1457 aliquod
291 1378 448 1438 accidens
465 1388 516 1438 est
528 1363 724 1457 ‘subjeetum
742 1378 882 1460 alterius
899 1380 1096 1449 accidentis,

133 1496 167 1544 et
192 1483 423 1565 exemplificat
447 1485 583 1551 ibidem,
609 1486 697 1545 sicut
732 1495 847 1546 motus
881 1495 934 1545 est
968 1486 1102 1566 subjec-

134 1602 206 1652 tum
232 1573 427 1652 velocitatis
449 1600 482 1651 et
506 1592 686 1651 tarditatis.
785 1602 800 1623 ·'

225 1698 392 1770 Proeterea,
422 1695 638 1758 manifestum
667 1707 720 1758 est
753 1699 879 1758 multas
913 1699 1102 1760 relationes

135 1805 199 1865 hic*
214 1823 289 1864 esse
315 1805 403 1865 sicut
420 1803 609 1884 aequalitas‚
627 1804 826 1874 similitudo,
844 1815 878 1865 et
889 1805 1097 1884 hujusmodi,

134 1929 217 1990 quae·
239 1931 306 1972 non
331 1920 476 1990 possunt
500 1930 575 1972 esse
611 1913 685 1971 sine
720 1911 984 1990 subjecto;·sed
1020 1913 1099 1973 istae

135 2018 318 2078 relationes
343 2030 424 2078 sunt
447 2017 636 2078 accidentia
660 2017 828 2097 quaedam.

131 2240 152 2257 ·’
176 2235 180 2243 “
226 2230 326 2293 illitu
345 2238 407 2293 est
431 2231 574 2310 opinio
595 2231 712 2291 media
735 2243 837 2311 quam
855 2241 964 2301 teneo,
982 2242 1015 2292 et
1032 2232 1103 2292 dis-

134 2340 258 2418 tinguo
282 2338 324 2398 de
348 2338 511 2417 subjecto
529 2347 587 2398 aut
603 2340 685 2417 quia
701 2340 846 2399 sumitur
861 2358 924 2418 pro
940 2339 1098 2399 ultimate

135 2446 339 2506 terminante
363 2445 641 2528 dependentium·
660 2444 804 2524 alicujus
828 2444 1012 2505 accidentis
1035 2464 1101 2524 per

135 2553 313 2623 accidens;
338 2562 398 2612 aut
421 2570 483 2630 pro
507 2570 712 2632 quocunque
747 2552 950 2612 terminante
974 2553 1103 2631 depen-

128 2660 285 2719 'dentiam
311 2658 402 2718 illam
429 2661 595 2738 proxime,
624 2669 712 2719 esto‘
732 2658 825 2738 quod
849 2678 916 2719 non
941 2657 1099 2719 ultimate

136 2768 304 2826 terminet.
331 2766 442 2824 Primo
465 2766 551 2824 modo
575 2766 715 2846 planum
740 2776 791 2825 est
811 2765 907 2845 quod
931 2765 1015 2825 nihil
1040 2784 1103 2845 po·

136 2881 203 2931 test
227 2891 302 2932 esse
327 2872 516 2951 subjectum
541 2871 727 2932 accidentis
744 2871 809 2931 nisi
823 2873 1023 2932 substantia.
1044 2872 1102 2931 Se-

135 2979 241 3037 crmdo'
257 2980 344 3037 modo
368 2980 444 3039 dieo
468 2978 559 3057 quod
583 2978 748 3058 possibile
772 2987 825 3039 est
841 2979 939 3057 quod*
957 2978 1098 3057 aliquod

136 3084 294 3145 accidens
318 3086 363 3145 sit
387 3085 576 3163 subjectum
594 3085 780 3145 accidentis
804 3086 894 3145 sicut
916 3094 1011 3163 patet
1034 3104 1104 3163 per

136 3192 286 3252 rationes
320 3200 438 3252 contra
473 3192 657 3252 secundam
692 3193 898 3270 opinionem.
927 3190 1100 3251 Possibile

136 3308 189 3357 est
212 3299 314 3358 etiam
338 3298 566 3377 quodcunque
598 3298 755 3358 accidens
790 3299 999 3358 absolutum·
1020 3316 1100 3357 esse

136 3405 211 3466 sine
235 3404 388 3483 subjecto
412 3412 556 3483 utroque
580 3404 682 3465 modo
706 3405 795 3463 sicut
830 3402 1009 3483 probatum
1045 3411 1098 3464 est

136 3519 256 3571 contra
278 3511 421 3590 primam
447 3512 664 3589 opinionem;
690 3511 750 3570 sed
774 3512 1003 3589 respectivum
1029 3528 1097 3570 non

136 3626 189 3678 est
213 3615 377 3696 possibile
401 3636 476 3677 esse
504 3618 577 3677 sine
613 3617 766 3696 subjecto
800 3616 950 3676 secundo
984 3615 1103 3686 modo,
