2600 4200
232 237 289 278 122
462 217 537 278 Lm.
563 217 614 278 IV
640 216 947 279 SENTENTIARUM

203 395 410 457 animalibus
444 397 479 457 in
508 397 656 458 diversis
690 395 776 457 locis
810 396 1049 464 existentibus,
1084 406 1165 458 tunc

203 504 313 563 virtus
337 504 503 564 nutritiva
526 503 670 563 istorum
699 502 897 563 animalium
914 503 1084 563 convertit
1107 523 1167 564 nu·

201 611 400 670 trimentum
425 609 459 670 in
484 609 712 670 substantiam
736 611 921 689 propriam,
946 617 980 670 et
1003 627 1064 688 per
1087 627 1166 670 con·

202 733 350 796 sequens
384 715 503 777 eadem
538 717 682 777 materia
716 716 915 776 nutrimenti
943 716 1008 776 erit
1031 715 1095 777 sub
1118 716 1166 776 di·

202 823 313 884 versis
336 819 454 884 fonnis
478 821 764 884 substantialibus
787 823 930 883 istorum
956 823 1163 884 animalium.

203 928 343 989 Secundo
367 929 437 990 sic:
464 927 618 990 Ponatur
641 928 733 1009 quod
758 928 847 989 idem
882 928 1016 1010 lignum
1052 931 1096 990 sit
1129 931 1163 990 in

202 1035 349 1096 diversis
373 1035 468 1106 locis,
493 1044 528 1096 et
554 1036 588 1096 in
615 1035 685 1096 illis
708 1035 794 1096 locis
820 1035 889 1096 sint
905 1036 973 1096 duo
990 1037 1090 1117 ignes
1105 1037 1165 1116 qui

202 1151 309 1222 agant
344 1144 378 1202 in
414 1142 499 1203 illud
535 1141 680 1223 lignum,
709 1151 790 1202 tunc
824 1143 987 1203 inducent
1021 1140 1164 1203 formam

202 1250 296 1330 ignis
330 1249 391 1310 sed
426 1268 494 1310 non
530 1247 693 1309 inducent
728 1247 869 1309 eandem
905 1247 1059 1318 formam,
1087 1267 1165 1310 cum

202 1357 342 1436 agentia
366 1358 435 1416 sint
459 1356 617 1426 diversa;
646 1356 753 1436 igitur
788 1355 889 1416 aliam
924 1364 959 1416 et
993 1355 1094 1416 aliam
1129 1358 1164 1416 in
1215 1399 1219 1409 .

202 1463 344 1524 eandem
369 1463 557 1532 materiam,
582 1461 674 1541 quod
698 1471 751 1522 est
773 1463 997 1541 propositum.

297 1569 515 1649 Quamnam
554 1568 610 1630 od
649 1567 882 1631 seeundum
919 1567 1166 1631 Articulum

202 1677 361 1756 arguitur
383 1685 501 1736 contra
525 1675 722 1754 opinionem
747 1675 857 1735 istam.
884 1674 962 1736 Non
984 1676 1097 1736 minus
1113 1684 1167 1735 est

202 1783 448 1843 inconveniens
472 1782 540 1842 duo
564 1799 708 1862 corpora
739 1781 840 1842 simul
865 1800 941 1842 esse
975 1782 1010 1841 in
1045 1780 1164 1841 eodem

202 1889 279 1950 loco
313 1907 415 1967 quam
451 1888 540 1948 idem
575 1906 701 1967 corpus
736 1889 770 1950 in
801 1888 936 1948 duobus
959 1887 1064 1958 locis;
1104 1887 1165 1948 sed

203 1994 279 2056 Deo
303 2004 355 2055 est
379 1995 544 2074 possibile
567 1995 731 2073 primum;
756 2012 850 2075 ergo.
876 1995 985 2073 sllajor
999 2002 1094 2072 patet
1116 2012 1167 2054 se·
1191 2065 1195 2070 ,

202 2103 352 2163 cundum
376 2103 544 2182 principia
567 2100 810 2183 Physicorum;
836 2121 913 2162 nam
928 2100 1095 2181 aequalem
1117 2120 1166 2161 re-

203 2211 429 2290 pugnantiam
454 2219 643 2288 posuerunt
668 2211 757 2270 inter
780 2208 847 2268 duo
864 2218 993 2288 quanta
1007 2217 1165 2287 respectu

203 2315 355 2396 ejusdem
391 2317 452 2384 ubi,
482 2318 570 2377 sicut
604 2334 623 2376 e
658 2331 835 2376 converso
861 2315 972 2374 Minor
1005 2323 1099 2394 patet
1121 2314 1165 2374 de

204 2421 293 2483 lacto
328 2422 370 2483 de
402 2424 581 2484 nativitate
616 2421 743 2483 Christi
779 2432 813 2482 et
847 2422 1105 2491 resurrectione,
1130 2406 1183 2482 et*

204 2530 341 2609 quando
365 2530 506 2591 intravit
526 2529 641 2609 januis
666 2529 793 2590 clausis
817 2528 860 2589 ad
872 2529 1060 2608 discipulos
1072 2546 1163 2589 suos.

293 2636 510 2715 Respondelur
543 2636 635 2716 quod
671 2645 912 2715 argumentum
947 2654 1014 2695 non
1049 2635 1162 2706 valet3

204 2762 282 2803 nam
306 2744 383 2804 duae
406 2743 636 2803 dimensiones
661 2751 857 2823 repugnant
887 2751 1026 2821 propter
1061 2741 1163 2802 situm

204 2850 368 2921 localem;
393 2859 427 2909 et
451 2851 552 2909 istam
577 2849 843 2929 repugnantiam
860 2848 951 2908 tollit
974 2847 1037 2908 dos
1060 2848 1166 2908 subti-

203 2956 332 3027 litatis;
358 2956 416 3016 sed
441 2955 526 3015 illud
550 2954 642 3035 quod
666 2965 719 3015 est
749 2956 836 3015 ratio
871 2954 1087 3015 limitationis
1120 2954 1165 3014 ad

204 3082 309 3123 unum
345 3062 405 3129 ubi,
440 3062 599 3123 videlicet
634 3062 722 3122 situs
756 3061 1059 3130 determinationis
1095 3079 1164 3121 non

203 3179 317 3249 potest
342 3168 414 3230 tolli
440 3188 500 3248 per
524 3168 664 3248 aliquod
688 3186 794 3229 unum
818 3168 945 3229 donum
958 3167 1014 3227 vel
1038 3166 1163 3235 dotem,

203 3278 285 3355 quia
308 3277 410 3336 etiam
434 3294 558 3355 corpus
583 3274 772 3354 gloriosum
797 3273 899 3334 habet
923 3275 1027 3334 situm
1058 3272 1167 3333 deter-

203 3383 401 3443 minationis
426 3400 494 3460 quo
518 3390 653 3461 oportet
678 3382 791 3460 ipsum
826 3399 902 3440 esse
936 3379 991 3440 hic
1026 3389 1060 3440 et
1095 3398 1163 3439 non

204 3490 296 3558 alibi,
321 3489 400 3549 lieet
424 3507 492 3548 non
516 3488 640 3549 habeat
664 3489 768 3548 situm
785 3487 927 3547 localem
945 3506 1013 3566 quo
1026 3487 1164 3547 resistat

204 3595 300 3656 alteri
337 3596 480 3675 corpori,
517 3595 608 3674 quod
643 3603 695 3653 est
730 3594 843 3674 magis
878 3592 1094 3654 accidentale.
1121 3626 1164 3635 —
