<?xml version="1.0" encoding="UTF-8"?>
<!DOCTYPE html PUBLIC "-//W3C//DTD XHTML 1.0 Transitional//EN"
    "http://www.w3.org/TR/xhtml1/DTD/xhtml1-transitional.dtd">
<html xmlns="http://www.w3.org/1999/xhtml" xml:lang="en" lang="en">
 <head>
  <title>
</title>
<meta http-equiv="Content-Type" content="text/html;charset=utf-8" />
  <meta name='ocr-system' content='tesseract 3.04.00' />
  <meta name='ocr-capabilities' content='ocr_page ocr_carea ocr_par ocr_line ocrx_word'/>
</head>
<body>
  <div class='ocr_page' id='page_1' title='image "./commentariainli02scotgoog_0101.png"; bbox 0 0 2600 4200; ppageno 0'>
   <div class='ocr_carea' id='block_1_1' title="bbox 312 269 1015 352">
    <p class='ocr_par' dir='ltr' id='par_1_1' title="bbox 312 269 1015 352">
     <span class='ocr_line' id='line_1_1' title="bbox 312 269 1015 352; baseline -0.003 -17"><span class='ocrx_word' id='word_1_1' title='bbox 312 275 502 335; x_wconf 77' lang='lat' dir='ltr'>Drsrrncr.</span> <span class='ocrx_word' id='word_1_2' title='bbox 526 272 558 334; x_wconf 84' lang='lat' dir='ltr'>X</span> <span class='ocrx_word' id='word_1_3' title='bbox 583 269 730 352; x_wconf 64' lang='lat' dir='ltr'>Qurusr.</span> <span class='ocrx_word' id='word_1_4' title='bbox 755 273 769 334; x_wconf 93' lang='lat'>1</span> <span class='ocrx_word' id='word_1_5' title='bbox 976 273 1015 350; x_wconf 81' lang='lat'>85</span> 
     </span>
    </p>
   </div>
   <div class='ocr_carea' id='block_1_2' title="bbox 100 476 1043 1733">
    <p class='ocr_par' dir='ltr' id='par_1_2' title="bbox 104 476 1042 964">
     <span class='ocr_line' id='line_1_2' title="bbox 104 476 1042 560; baseline 0.006 -26"><span class='ocrx_word' id='word_1_6' title='bbox 104 476 255 554; x_wconf 83' lang='lat' dir='ltr'>propositio</span> <span class='ocrx_word' id='word_1_7' title='bbox 276 487 329 540; x_wconf 69' lang='grc' dir='ltr'>θεῖ</span> <span class='ocrx_word' id='word_1_8' title='bbox 353 499 439 551; x_wconf 85' lang='lat' dir='ltr'>vera,</span> <span class='ocrx_word' id='word_1_9' title='bbox 463 478 540 560; x_wconf 86' lang='lat' dir='ltr'>quia</span> <span class='ocrx_word' id='word_1_10' title='bbox 561 477 588 540; x_wconf 91' lang='lat' dir='ltr'>si</span> <span class='ocrx_word' id='word_1_11' title='bbox 611 479 664 540; x_wconf 89' lang='lat' dir='ltr'>ille</span> <span class='ocrx_word' id='word_1_12' title='bbox 695 478 795 540; x_wconf 90' lang='lat' dir='ltr'>homo</span> <span class='ocrx_word' id='word_1_13' title='bbox 825 477 1042 540; x_wconf 88' lang='lat' dir='ltr'>dimitteretur</span> 
     </span>
     <span class='ocr_line' id='line_1_3' title="bbox 105 581 1041 666; baseline 0.004 -26"><span class='ocrx_word' id='word_1_14' title='bbox 105 599 120 639; x_wconf 83' lang='lat' dir='ltr'>a</span> <span class='ocrx_word' id='word_1_15' title='bbox 137 581 205 655; x_wconf 88' lang='lat' dir='ltr'>Deo,</span> <span class='ocrx_word' id='word_1_16' title='bbox 228 595 411 646; x_wconf 83' lang='lat' dir='ltr'>remaneret</span> <span class='ocrx_word' id='word_1_17' title='bbox 434 605 580 666; x_wconf 86' lang='lat' dir='ltr'>persona.</span> <span class='ocrx_word' id='word_1_18' title='bbox 598 585 632 648; x_wconf 86' lang='lat' dir='ltr'>Si</span> <span class='ocrx_word' id='word_1_19' title='bbox 656 594 766 647; x_wconf 86' lang='lat' dir='ltr'>autem</span> <span class='ocrx_word' id='word_1_20' title='bbox 779 584 907 666; x_wconf 83' lang='lat' dir='ltr'>respicit</span> <span class='ocrx_word' id='word_1_21' title='bbox 919 594 1041 658; x_wconf 85' lang='lat' dir='ltr'>actum,</span> 
     </span>
     <span class='ocr_line' id='line_1_4' title="bbox 105 690 1042 773; baseline 0.006 -27"><span class='ocrx_word' id='word_1_22' title='bbox 105 696 164 748; x_wconf 84' lang='lat' dir='ltr'>tunc</span> <span class='ocrx_word' id='word_1_23' title='bbox 187 692 364 772; x_wconf 82' lang='lat' dir='ltr'>propositio</span> <span class='ocrx_word' id='word_1_24' title='bbox 397 701 446 754; x_wconf 90' lang='lat' dir='ltr'>est</span> <span class='ocrx_word' id='word_1_25' title='bbox 468 691 557 771; x_wconf 84' lang='lat' dir='ltr'>salsa,</span> <span class='ocrx_word' id='word_1_26' title='bbox 580 690 657 773; x_wconf 85' lang='lat' dir='ltr'>quia</span> <span class='ocrx_word' id='word_1_27' title='bbox 681 691 838 766; x_wconf 68' lang='lat' dir='ltr'>Christus</span> <span class='ocrx_word' id='word_1_28' title='bbox 862 692 1042 754; x_wconf 87' lang='lat' dir='ltr'>secundum</span> 
     </span>
     <span class='ocr_line' id='line_1_5' title="bbox 105 797 1042 879; baseline 0.004 -25"><span class='ocrx_word' id='word_1_29' title='bbox 105 797 174 873; x_wconf 87' lang='lat' dir='ltr'>quod</span> <span class='ocrx_word' id='word_1_30' title='bbox 194 797 305 868; x_wconf 86' lang='lat' dir='ltr'>homo,</span> <span class='ocrx_word' id='word_1_31' title='bbox 331 819 396 860; x_wconf 91' lang='lat' dir='ltr'>non</span> <span class='ocrx_word' id='word_1_32' title='bbox 423 809 472 860; x_wconf 85' lang='lat' dir='ltr'>est</span> <span class='ocrx_word' id='word_1_33' title='bbox 495 818 633 879; x_wconf 86' lang='lat' dir='ltr'>persona</span> <span class='ocrx_word' id='word_1_34' title='bbox 657 797 713 860; x_wconf 84' lang='lat' dir='ltr'>sed</span> <span class='ocrx_word' id='word_1_35' title='bbox 749 797 928 860; x_wconf 84' lang='lat' dir='ltr'>secundum</span> <span class='ocrx_word' id='word_1_36' title='bbox 953 799 1042 878; x_wconf 89' lang='lat' dir='ltr'>quod</span> 
     </span>
     <span class='ocr_line' id='line_1_6' title="bbox 105 898 183 964; baseline 0.038 -3"><span class='ocrx_word' id='word_1_37' title='bbox 105 898 183 964; x_wconf 85' lang='lat' dir='ltr'>Deus.</span> 
     </span>
    </p>

    <p class='ocr_par' dir='ltr' id='par_1_3' title="bbox 100 1005 1043 1733">
     <span class='ocr_line' id='line_1_7' title="bbox 154 1005 1043 1093; baseline -0.006 -16"><span class='ocrx_word' id='word_1_38' title='bbox 154 1005 321 1079; x_wconf 74' lang='lat' dir='ltr'>Secunda</span> <span class='ocrx_word' id='word_1_39' title='bbox 349 1007 545 1079; x_wconf 67' lang='lat' dir='ltr'>(hnclust&#39;o</span> <span class='ocrx_word' id='word_1_40' title='bbox 557 1021 605 1074; x_wconf 88' lang='lat' dir='ltr'>est</span> <span class='ocrx_word' id='word_1_41' title='bbox 622 1012 691 1084; x_wconf 86' lang='lat' dir='ltr'>ista,</span> <span class='ocrx_word' id='word_1_42' title='bbox 717 1012 836 1074; x_wconf 88' lang='lat' dir='ltr'>scilicet</span> <span class='ocrx_word' id='word_1_43' title='bbox 858 1012 948 1093; x_wconf 90' lang='lat' dir='ltr'>quod</span> <span class='ocrx_word' id='word_1_44' title='bbox 971 1010 1043 1073; x_wconf 84' lang='lat' dir='ltr'>haec</span> 
     </span>
     <span class='ocr_line' id='line_1_8' title="bbox 103 1117 1042 1201; baseline 0.003 -26"><span class='ocrx_word' id='word_1_45' title='bbox 103 1119 271 1196; x_wconf 81' lang='lat' dir='ltr'>propositio:</span> <span class='ocrx_word' id='word_1_46' title='bbox 291 1119 439 1182; x_wconf 90' lang='lat' dir='ltr'>Christus</span> <span class='ocrx_word' id='word_1_47' title='bbox 454 1120 635 1182; x_wconf 85' lang='lat' dir='ltr'>secundnm</span> <span class='ocrx_word' id='word_1_48' title='bbox 648 1119 739 1201; x_wconf 91' lang='lat' dir='ltr'>quod</span> <span class='ocrx_word' id='word_1_49' title='bbox 753 1117 863 1194; x_wconf 88' lang='lat' dir='ltr'>homo,</span> <span class='ocrx_word' id='word_1_50' title='bbox 880 1127 928 1180; x_wconf 89' lang='lat' dir='ltr'>est</span> <span class='ocrx_word' id='word_1_51' title='bbox 942 1118 1042 1191; x_wconf 81' lang='lat' dir='ltr'>Deus,</span> 
     </span>
     <span class='ocr_line' id='line_1_9' title="bbox 102 1225 1043 1306; baseline 0.006 -26"><span class='ocrx_word' id='word_1_52' title='bbox 102 1242 154 1283; x_wconf 88' lang='lat' dir='ltr'>non</span> <span class='ocrx_word' id='word_1_53' title='bbox 183 1235 228 1287; x_wconf 85' lang='lat' dir='ltr'>est</span> <span class='ocrx_word' id='word_1_54' title='bbox 259 1226 450 1306; x_wconf 88' lang='lat' dir='ltr'>simpliciter</span> <span class='ocrx_word' id='word_1_55' title='bbox 486 1247 570 1299; x_wconf 89' lang='lat' dir='ltr'>vera,</span> <span class='ocrx_word' id='word_1_56' title='bbox 594 1227 651 1288; x_wconf 89' lang='lat' dir='ltr'>sed</span> <span class='ocrx_word' id='word_1_57' title='bbox 680 1235 729 1287; x_wconf 91' lang='lat' dir='ltr'>est</span> <span class='ocrx_word' id='word_1_58' title='bbox 759 1225 987 1306; x_wconf 86' lang='lat' dir='ltr'>distinguenda</span> <span class='ocrx_word' id='word_1_59' title='bbox 1010 1233 1043 1286; x_wconf 85' lang='lat' dir='ltr'>et</span> 
     </span>
     <span class='ocr_line' id='line_1_10' title="bbox 102 1328 1043 1414; baseline 0.007 -29"><span class='ocrx_word' id='word_1_60' title='bbox 102 1328 288 1412; x_wconf 81' lang='lat' dir='ltr'>distinguitur</span> <span class='ocrx_word' id='word_1_61' title='bbox 326 1333 410 1394; x_wconf 89' lang='lat' dir='ltr'>sicut</span> <span class='ocrx_word' id='word_1_62' title='bbox 448 1333 658 1414; x_wconf 87' lang='lat' dir='ltr'>distinguitur</span> <span class='ocrx_word' id='word_1_63' title='bbox 697 1333 892 1413; x_wconf 84' lang='lat' dir='ltr'>praecedens.</span> <span class='ocrx_word' id='word_1_64' title='bbox 934 1331 1043 1392; x_wconf 91' lang='lat' dir='ltr'>Primo</span> 
     </span>
     <span class='ocr_line' id='line_1_11' title="bbox 100 1437 1043 1522; baseline 0.005 -28"><span class='ocrx_word' id='word_1_65' title='bbox 100 1437 162 1514; x_wconf 86' lang='lat' dir='ltr'>qnia</span> <span class='ocrx_word' id='word_1_66' title='bbox 181 1439 237 1500; x_wconf 87' lang='lat' dir='ltr'>ista</span> <span class='ocrx_word' id='word_1_67' title='bbox 272 1440 486 1520; x_wconf 87' lang='lat' dir='ltr'>reduplicatio</span> <span class='ocrx_word' id='word_1_68' title='bbox 510 1439 541 1501; x_wconf 92' lang='lat' dir='ltr'>in</span> <span class='ocrx_word' id='word_1_69' title='bbox 564 1460 605 1500; x_wconf 91' lang='lat' dir='ltr'>eo</span> <span class='ocrx_word' id='word_1_70' title='bbox 628 1439 719 1522; x_wconf 91' lang='lat' dir='ltr'>quod</span> <span class='ocrx_word' id='word_1_71' title='bbox 744 1439 853 1510; x_wconf 81' lang='lat' dir='ltr'>home,</span> <span class='ocrx_word' id='word_1_72' title='bbox 878 1446 934 1499; x_wconf 90' lang='lat' dir='ltr'>ant</span> <span class='ocrx_word' id='word_1_73' title='bbox 966 1437 1043 1499; x_wconf 87' lang='lat' dir='ltr'>dicit</span> 
     </span>
     <span class='ocr_line' id='line_1_12' title="bbox 100 1544 1043 1618; baseline 0.005 -19"><span class='ocrx_word' id='word_1_74' title='bbox 100 1545 374 1618; x_wconf 71' lang='lat' dir='ltr'>coruomitantznm,</span> <span class='ocrx_word' id='word_1_75' title='bbox 398 1555 430 1607; x_wconf 89' lang='lat' dir='ltr'>et</span> <span class='ocrx_word' id='word_1_76' title='bbox 453 1556 532 1607; x_wconf 90' lang='lat' dir='ltr'>tunc</span> <span class='ocrx_word' id='word_1_77' title='bbox 554 1555 604 1607; x_wconf 87' lang='lat' dir='ltr'>est</span> <span class='ocrx_word' id='word_1_78' title='bbox 627 1565 712 1618; x_wconf 85' lang='lat' dir='ltr'>vera,</span> <span class='ocrx_word' id='word_1_79' title='bbox 727 1554 783 1606; x_wconf 85' lang='lat' dir='ltr'>aut</span> <span class='ocrx_word' id='word_1_80' title='bbox 799 1544 968 1606; x_wconf 81' lang='lat' dir='ltr'>formalem</span> <span class='ocrx_word' id='word_1_81' title='bbox 994 1565 1043 1604; x_wconf 85' lang='lat' dir='ltr'>ra-</span> 
     </span>
     <span class='ocr_line' id='line_1_13' title="bbox 101 1649 1043 1733; baseline 0.008 -28"><span class='ocrx_word' id='word_1_82' title='bbox 101 1649 204 1712; x_wconf 90' lang='lat' dir='ltr'>tionem</span> <span class='ocrx_word' id='word_1_83' title='bbox 227 1652 432 1714; x_wconf 71' lang='lat' dir='ltr'>inhaerentia</span> <span class='ocrx_word' id='word_1_84' title='bbox 449 1652 615 1733; x_wconf 70' lang='lat' dir='ltr'>praedicati</span> <span class='ocrx_word' id='word_1_85' title='bbox 631 1652 673 1713; x_wconf 87' lang='lat' dir='ltr'>ad</span> <span class='ocrx_word' id='word_1_86' title='bbox 694 1652 877 1732; x_wconf 88' lang='lat' dir='ltr'>subjectum</span> <span class='ocrx_word' id='word_1_87' title='bbox 905 1661 937 1711; x_wconf 87' lang='lat' dir='ltr'>et</span> <span class='ocrx_word' id='word_1_88' title='bbox 964 1659 1043 1713; x_wconf 89' lang='lat' dir='ltr'>tunc</span> 
     </span>
    </p>
   </div>
   <div class='ocr_carea' id='block_1_3' title="bbox 100 1756 1042 1926">
    <p class='ocr_par' dir='ltr' id='par_1_4' title="bbox 100 1756 1042 1926">
     <span class='ocr_line' id='line_1_14' title="bbox 100 1756 1042 1840; baseline 0.003 -25"><span class='ocrx_word' id='word_1_89' title='bbox 100 1764 139 1816; x_wconf 83' lang='lat' dir='ltr'>est</span> <span class='ocrx_word' id='word_1_90' title='bbox 158 1756 240 1832; x_wconf 76' lang='lat' dir='ltr'>salsa,</span> <span class='ocrx_word' id='word_1_91' title='bbox 263 1760 340 1840; x_wconf 83' lang='lat' dir='ltr'>quin</span> <span class='ocrx_word' id='word_1_92' title='bbox 353 1780 422 1820; x_wconf 87' lang='lat' dir='ltr'>esse</span> <span class='ocrx_word' id='word_1_93' title='bbox 446 1759 613 1821; x_wconf 90' lang='lat' dir='ltr'>hominem</span> <span class='ocrx_word' id='word_1_94' title='bbox 639 1768 773 1821; x_wconf 88' lang='lat' dir='ltr'>nonest</span> <span class='ocrx_word' id='word_1_95' title='bbox 796 1779 893 1820; x_wconf 84' lang='lat' dir='ltr'>causa</span> <span class='ocrx_word' id='word_1_96' title='bbox 917 1759 1042 1820; x_wconf 85' lang='lat' dir='ltr'>essendi</span> 
     </span>
     <span class='ocr_line' id='line_1_15' title="bbox 101 1859 203 1926; baseline 0.059 -6"><span class='ocrx_word' id='word_1_97' title='bbox 101 1859 203 1926; x_wconf 88' lang='lat' dir='ltr'>Deum.</span> 
     </span>
    </p>
   </div>
   <div class='ocr_carea' id='block_1_4' title="bbox 99 1965 1042 2161">
    <p class='ocr_par' dir='ltr' id='par_1_5' title="bbox 99 1965 1042 2161">
     <span class='ocr_line' id='line_1_16' title="bbox 156 1965 1042 2052; baseline -0.007 -15"><span class='ocrx_word' id='word_1_98' title='bbox 156 1965 273 2039; x_wconf 76' lang='lat' dir='ltr'>Tertia</span> <span class='ocrx_word' id='word_1_99' title='bbox 301 1967 499 2038; x_wconf 78' lang='lat' dir='ltr'>Conclusio</span> <span class='ocrx_word' id='word_1_100' title='bbox 521 1982 570 2035; x_wconf 88' lang='lat' dir='ltr'>est</span> <span class='ocrx_word' id='word_1_101' title='bbox 582 1973 653 2046; x_wconf 83' lang='lat' dir='ltr'>ista,</span> <span class='ocrx_word' id='word_1_102' title='bbox 674 1973 764 2052; x_wconf 91' lang='lat' dir='ltr'>quod</span> <span class='ocrx_word' id='word_1_103' title='bbox 778 1972 837 2033; x_wconf 89' lang='lat' dir='ltr'>ista</span> <span class='ocrx_word' id='word_1_104' title='bbox 854 1969 1042 2052; x_wconf 88' lang='lat' dir='ltr'>propositio,</span> 
     </span>
     <span class='ocr_line' id='line_1_17' title="bbox 99 2072 1042 2161; baseline 0.006 -26"><span class='ocrx_word' id='word_1_105' title='bbox 99 2072 230 2141; x_wconf 87' lang='lat' dir='ltr'>Christus</span> <span class='ocrx_word' id='word_1_106' title='bbox 241 2080 422 2142; x_wconf 86' lang='lat' dir='ltr'>secundum</span> <span class='ocrx_word' id='word_1_107' title='bbox 446 2080 535 2161; x_wconf 90' lang='lat' dir='ltr'>quod</span> <span class='ocrx_word' id='word_1_108' title='bbox 560 2079 661 2141; x_wconf 88' lang='lat' dir='ltr'>homo</span> <span class='ocrx_word' id='word_1_109' title='bbox 677 2088 725 2141; x_wconf 85' lang='lat' dir='ltr'>est</span> <span class='ocrx_word' id='word_1_110' title='bbox 740 2078 954 2152; x_wconf 86' lang='lat' dir='ltr'>individuum,</span> <span class='ocrx_word' id='word_1_111' title='bbox 977 2099 1042 2141; x_wconf 90' lang='lat' dir='ltr'>non</span> 
     </span>
    </p>
   </div>
   <div class='ocr_carea' id='block_1_5' title="bbox 92 2185 1044 3334">
    <p class='ocr_par' dir='ltr' id='par_1_6' title="bbox 92 2185 1044 3334">
     <span class='ocr_line' id='line_1_18' title="bbox 98 2185 1044 2268; baseline 0.005 -26"><span class='ocrx_word' id='word_1_112' title='bbox 98 2194 137 2243; x_wconf 83' lang='lat' dir='ltr'>est</span> <span class='ocrx_word' id='word_1_113' title='bbox 156 2186 338 2267; x_wconf 79' lang='lat' dir='ltr'>simpliciter</span> <span class='ocrx_word' id='word_1_114' title='bbox 360 2206 447 2260; x_wconf 79' lang='lat' dir='ltr'>vera,</span> <span class='ocrx_word' id='word_1_115' title='bbox 465 2186 521 2248; x_wconf 91' lang='lat' dir='ltr'>sed</span> <span class='ocrx_word' id='word_1_116' title='bbox 548 2196 598 2249; x_wconf 91' lang='lat' dir='ltr'>est</span> <span class='ocrx_word' id='word_1_117' title='bbox 620 2185 858 2268; x_wconf 84' lang='lat' dir='ltr'>distinguenda,</span> <span class='ocrx_word' id='word_1_118' title='bbox 880 2186 956 2267; x_wconf 80' lang='lat' dir='ltr'>quia</span> <span class='ocrx_word' id='word_1_119' title='bbox 981 2206 1044 2247; x_wconf 82' lang='lat' dir='ltr'>uno</span> 
     </span>
     <span class='ocr_line' id='line_1_19' title="bbox 99 2290 1043 2375; baseline 0.008 -30"><span class='ocrx_word' id='word_1_120' title='bbox 99 2290 177 2351; x_wconf 85' lang='lat' dir='ltr'>modo</span> <span class='ocrx_word' id='word_1_121' title='bbox 196 2293 311 2355; x_wconf 89' lang='lat' dir='ltr'>dicitur</span> <span class='ocrx_word' id='word_1_122' title='bbox 334 2294 538 2355; x_wconf 89' lang='lat' dir='ltr'>individuum</span> <span class='ocrx_word' id='word_1_123' title='bbox 562 2293 653 2375; x_wconf 92' lang='lat' dir='ltr'>quod</span> <span class='ocrx_word' id='word_1_124' title='bbox 677 2302 725 2355; x_wconf 86' lang='lat' dir='ltr'>est</span> <span class='ocrx_word' id='word_1_125' title='bbox 756 2293 928 2354; x_wconf 87' lang='lat' dir='ltr'>indivisum</span> <span class='ocrx_word' id='word_1_126' title='bbox 954 2292 985 2353; x_wconf 89' lang='lat' dir='ltr'>in</span> <span class='ocrx_word' id='word_1_127' title='bbox 1009 2312 1043 2354; x_wconf 87' lang='lat' dir='ltr'>se</span> 
     </span>
     <span class='ocr_line' id='line_1_20' title="bbox 97 2399 1041 2482; baseline 0.004 -27"><span class='ocrx_word' id='word_1_128' title='bbox 97 2406 124 2455; x_wconf 82' lang='lat' dir='ltr'>et</span> <span class='ocrx_word' id='word_1_129' title='bbox 143 2399 275 2461; x_wconf 85' lang='lat' dir='ltr'>divisum</span> <span class='ocrx_word' id='word_1_130' title='bbox 298 2422 318 2463; x_wconf 89' lang='lat' dir='ltr'>a</span> <span class='ocrx_word' id='word_1_131' title='bbox 339 2400 485 2482; x_wconf 87' lang='lat' dir='ltr'>quolibet</span> <span class='ocrx_word' id='word_1_132' title='bbox 507 2400 579 2474; x_wconf 87' lang='lat' dir='ltr'>alio,</span> <span class='ocrx_word' id='word_1_133' title='bbox 604 2420 671 2463; x_wconf 90' lang='lat' dir='ltr'>non</span> <span class='ocrx_word' id='word_1_134' title='bbox 684 2400 835 2461; x_wconf 86' lang='lat' dir='ltr'>habendo</span> <span class='ocrx_word' id='word_1_135' title='bbox 860 2408 1041 2480; x_wconf 86' lang='lat' dir='ltr'>respectum</span> 
     </span>
     <span class='ocr_line' id='line_1_21' title="bbox 97 2502 1042 2586; baseline 0.004 -23"><span class='ocrx_word' id='word_1_136' title='bbox 97 2502 387 2579; x_wconf 82' lang='lat' dir='ltr'>adsubsistentiam‚</span> <span class='ocrx_word' id='word_1_137' title='bbox 407 2506 463 2569; x_wconf 89' lang='lat' dir='ltr'>sed</span> <span class='ocrx_word' id='word_1_138' title='bbox 478 2506 522 2568; x_wconf 86' lang='lat' dir='ltr'>ad</span> <span class='ocrx_word' id='word_1_139' title='bbox 538 2506 692 2568; x_wconf 90' lang='lat' dir='ltr'>unionem</span> <span class='ocrx_word' id='word_1_140' title='bbox 705 2506 824 2567; x_wconf 82' lang='lat' dir='ltr'>animae</span> <span class='ocrx_word' id='word_1_141' title='bbox 840 2514 872 2567; x_wconf 87' lang='lat' dir='ltr'>et</span> <span class='ocrx_word' id='word_1_142' title='bbox 888 2505 1042 2586; x_wconf 86' lang='lat' dir='ltr'>eorporis,</span> 
     </span>
     <span class='ocr_line' id='line_1_22' title="bbox 96 2611 1044 2695; baseline 0.006 -28"><span class='ocrx_word' id='word_1_143' title='bbox 96 2611 183 2674; x_wconf 86' lang='lat' dir='ltr'>etsie</span> <span class='ocrx_word' id='word_1_144' title='bbox 216 2613 395 2695; x_wconf 88' lang='lat' dir='ltr'>propositio</span> <span class='ocrx_word' id='word_1_145' title='bbox 428 2623 477 2676; x_wconf 83' lang='lat' dir='ltr'>est</span> <span class='ocrx_word' id='word_1_146' title='bbox 510 2634 595 2677; x_wconf 90' lang='lat' dir='ltr'>vera.</span> <span class='ocrx_word' id='word_1_147' title='bbox 622 2613 768 2675; x_wconf 80' lang='lat' dir='ltr'>Secrmdo</span> <span class='ocrx_word' id='word_1_148' title='bbox 803 2614 892 2674; x_wconf 85' lang='lat' dir='ltr'>modo</span> <span class='ocrx_word' id='word_1_149' title='bbox 927 2612 1044 2674; x_wconf 87' lang='lat' dir='ltr'>dicitur</span> 
     </span>
     <span class='ocr_line' id='line_1_23' title="bbox 97 2712 1040 2782; baseline 0.005 -8"><span class='ocrx_word' id='word_1_150' title='bbox 97 2712 285 2782; x_wconf 87' lang='lat' dir='ltr'>individuum</span> <span class='ocrx_word' id='word_1_151' title='bbox 321 2731 358 2782; x_wconf 91' lang='lat' dir='ltr'>ut</span> <span class='ocrx_word' id='word_1_152' title='bbox 381 2719 459 2782; x_wconf 92' lang='lat' dir='ltr'>dicit</span> <span class='ocrx_word' id='word_1_153' title='bbox 492 2720 666 2782; x_wconf 89' lang='lat' dir='ltr'>indivisum</span> <span class='ocrx_word' id='word_1_154' title='bbox 699 2720 732 2781; x_wconf 87' lang='lat' dir='ltr'>in</span> <span class='ocrx_word' id='word_1_155' title='bbox 767 2740 801 2781; x_wconf 90' lang='lat' dir='ltr'>se</span> <span class='ocrx_word' id='word_1_156' title='bbox 835 2730 867 2781; x_wconf 88' lang='lat' dir='ltr'>et</span> <span class='ocrx_word' id='word_1_157' title='bbox 901 2720 1040 2781; x_wconf 88' lang='lat' dir='ltr'>divisum</span> 
     </span>
     <span class='ocr_line' id='line_1_24' title="bbox 95 2821 1042 2907; baseline 0.002 -23"><span class='ocrx_word' id='word_1_158' title='bbox 95 2839 112 2879; x_wconf 79' lang='lat' dir='ltr'>a</span> <span class='ocrx_word' id='word_1_159' title='bbox 130 2821 271 2903; x_wconf 90' lang='lat' dir='ltr'>quolibet</span> <span class='ocrx_word' id='word_1_160' title='bbox 293 2827 358 2889; x_wconf 89' lang='lat' dir='ltr'>alio</span> <span class='ocrx_word' id='word_1_161' title='bbox 381 2826 533 2888; x_wconf 86' lang='lat' dir='ltr'>habendo</span> <span class='ocrx_word' id='word_1_162' title='bbox 545 2834 728 2907; x_wconf 85' lang='lat' dir='ltr'>respectum</span> <span class='ocrx_word' id='word_1_163' title='bbox 750 2826 792 2887; x_wconf 85' lang='lat' dir='ltr'>ad</span> <span class='ocrx_word' id='word_1_164' title='bbox 808 2825 1042 2899; x_wconf 87' lang='lat' dir='ltr'>subsitentiam‚</span> 
     </span>
     <span class='ocr_line' id='line_1_25' title="bbox 93 2930 1043 3015; baseline 0.001 -24"><span class='ocrx_word' id='word_1_165' title='bbox 93 2939 121 2991; x_wconf 89' lang='lat' dir='ltr'>et</span> <span class='ocrx_word' id='word_1_166' title='bbox 140 2940 216 2994; x_wconf 87' lang='lat' dir='ltr'>tunc</span> <span class='ocrx_word' id='word_1_167' title='bbox 240 2932 418 3015; x_wconf 90' lang='lat' dir='ltr'>propositio</span> <span class='ocrx_word' id='word_1_168' title='bbox 440 2943 488 2994; x_wconf 92' lang='lat' dir='ltr'>est</span> <span class='ocrx_word' id='word_1_169' title='bbox 512 2930 591 2994; x_wconf 81' lang='lat' dir='ltr'>salsa</span> <span class='ocrx_word' id='word_1_170' title='bbox 610 2932 687 3013; x_wconf 86' lang='lat' dir='ltr'>quia</span> <span class='ocrx_word' id='word_1_171' title='bbox 700 2931 847 2995; x_wconf 88' lang='lat' dir='ltr'>Christus</span> <span class='ocrx_word' id='word_1_172' title='bbox 863 2932 1043 2993; x_wconf 85' lang='lat' dir='ltr'>secundum</span> 
     </span>
     <span class='ocr_line' id='line_1_26' title="bbox 93 3038 1041 3120; baseline 0.001 -22"><span class='ocrx_word' id='word_1_173' title='bbox 93 3039 174 3117; x_wconf 89' lang='lat' dir='ltr'>quod</span> <span class='ocrx_word' id='word_1_174' title='bbox 196 3038 306 3113; x_wconf 89' lang='lat' dir='ltr'>homo,</span> <span class='ocrx_word' id='word_1_175' title='bbox 320 3060 387 3101; x_wconf 91' lang='lat' dir='ltr'>non</span> <span class='ocrx_word' id='word_1_176' title='bbox 410 3048 459 3101; x_wconf 87' lang='lat' dir='ltr'>est</span> <span class='ocrx_word' id='word_1_177' title='bbox 482 3038 688 3101; x_wconf 87' lang='lat' dir='ltr'>individuum</span> <span class='ocrx_word' id='word_1_178' title='bbox 709 3039 784 3120; x_wconf 87' lang='lat' dir='ltr'>quia</span> <span class='ocrx_word' id='word_1_179' title='bbox 801 3039 844 3119; x_wconf 92' lang='lat' dir='ltr'>ly,</span> <span class='ocrx_word' id='word_1_180' title='bbox 861 3039 1041 3101; x_wconf 87' lang='lat' dir='ltr'>secundum</span> 
     </span>
     <span class='ocr_line' id='line_1_27' title="bbox 93 3144 1044 3227; baseline 0.003 -23"><span class='ocrx_word' id='word_1_181' title='bbox 93 3145 174 3223; x_wconf 91' lang='lat' dir='ltr'>quod</span> <span class='ocrx_word' id='word_1_182' title='bbox 196 3144 306 3221; x_wconf 90' lang='lat' dir='ltr'>homo,</span> <span class='ocrx_word' id='word_1_183' title='bbox 331 3146 511 3227; x_wconf 82' lang='lat' dir='ltr'>reduplicat</span> <span class='ocrx_word' id='word_1_184' title='bbox 533 3166 667 3208; x_wconf 85' lang='lat' dir='ltr'>causam</span> <span class='ocrx_word' id='word_1_185' title='bbox 691 3144 860 3207; x_wconf 84' lang='lat' dir='ltr'>formalem</span> <span class='ocrx_word' id='word_1_186' title='bbox 885 3145 1044 3207; x_wconf 82' lang='lat' dir='ltr'>inlraeren-</span> 
     </span>
     <span class='ocr_line' id='line_1_28' title="bbox 92 3250 611 3334; baseline 0.008 -25"><span class='ocrx_word' id='word_1_187' title='bbox 92 3250 140 3312; x_wconf 81' lang='lat' dir='ltr'>tiae</span> <span class='ocrx_word' id='word_1_188' title='bbox 162 3253 326 3333; x_wconf 68' lang='lat' dir='ltr'>praedicati</span> <span class='ocrx_word' id='word_1_189' title='bbox 349 3253 392 3315; x_wconf 87' lang='lat' dir='ltr'>ad</span> <span class='ocrx_word' id='word_1_190' title='bbox 415 3252 611 3334; x_wconf 86' lang='lat' dir='ltr'>subjectum.</span> 
     </span>
    </p>
   </div>
   <div class='ocr_carea' id='block_1_6' title="bbox 92 3463 1046 3866">
    <p class='ocr_par' dir='ltr' id='par_1_7' title="bbox 92 3463 1046 3866">
     <span class='ocr_line' id='line_1_29' title="bbox 152 3463 1045 3548; baseline 0.003 -22"><span class='ocrx_word' id='word_1_191' title='bbox 152 3463 214 3527; x_wconf 83' lang='lat' dir='ltr'>Ao</span> <span class='ocrx_word' id='word_1_192' title='bbox 238 3478 378 3530; x_wconf 75' lang='lat' dir='ltr'>rnrnuu</span> <span class='ocrx_word' id='word_1_193' title='bbox 412 3480 629 3529; x_wconf 76' lang='grc' dir='ltr'>ηηιηθιηηηη</span> <span class='ocrx_word' id='word_1_194' title='bbox 664 3468 797 3548; x_wconf 84' lang='lat' dir='ltr'>quando</span> <span class='ocrx_word' id='word_1_195' title='bbox 832 3466 948 3529; x_wconf 87' lang='lat' dir='ltr'>dicitur</span> <span class='ocrx_word' id='word_1_196' title='bbox 973 3466 1045 3529; x_wconf 85' lang='lat' dir='ltr'>haec</span> 
     </span>
     <span class='ocr_line' id='line_1_30' title="bbox 92 3572 1045 3656; baseline 0.005 -26"><span class='ocrx_word' id='word_1_197' title='bbox 92 3572 245 3652; x_wconf 87' lang='lat' dir='ltr'>competit</span> <span class='ocrx_word' id='word_1_198' title='bbox 264 3574 392 3635; x_wconf 91' lang='lat' dir='ltr'>cuilibet</span> <span class='ocrx_word' id='word_1_199' title='bbox 415 3574 585 3655; x_wconf 89' lang='lat' dir='ltr'>supposito</span> <span class='ocrx_word' id='word_1_200' title='bbox 609 3582 752 3648; x_wconf 68' lang='lat' dir='ltr'>naturae,</span> <span class='ocrx_word' id='word_1_201' title='bbox 777 3594 856 3656; x_wconf 88' lang='lat' dir='ltr'>ergo</span> <span class='ocrx_word' id='word_1_202' title='bbox 887 3574 1045 3653; x_wconf 88' lang='lat' dir='ltr'>competit</span> 
     </span>
     <span class='ocr_line' id='line_1_31' title="bbox 92 3677 1046 3762; baseline 0.003 -25"><span class='ocrx_word' id='word_1_203' title='bbox 92 3677 262 3740; x_wconf 85' lang='lat' dir='ltr'>eiratione</span> <span class='ocrx_word' id='word_1_204' title='bbox 294 3690 428 3754; x_wconf 85' lang='lat' dir='ltr'>naturae,</span> <span class='ocrx_word' id='word_1_205' title='bbox 461 3680 577 3742; x_wconf 88' lang='lat' dir='ltr'>dicitur</span> <span class='ocrx_word' id='word_1_206' title='bbox 600 3682 691 3762; x_wconf 89' lang='lat' dir='ltr'>quod</span> <span class='ocrx_word' id='word_1_207' title='bbox 726 3700 839 3743; x_wconf 89' lang='lat' dir='ltr'>verum</span> <span class='ocrx_word' id='word_1_208' title='bbox 863 3691 912 3743; x_wconf 84' lang='lat' dir='ltr'>est</span> <span class='ocrx_word' id='word_1_209' title='bbox 935 3696 1046 3741; x_wconf 87' lang='lat' dir='ltr'>secun-</span> 
     </span>
     <span class='ocr_line' id='line_1_32' title="bbox 93 3782 899 3866; baseline 0.004 -23"><span class='ocrx_word' id='word_1_210' title='bbox 93 3782 168 3845; x_wconf 90' lang='lat' dir='ltr'>dum</span> <span class='ocrx_word' id='word_1_211' title='bbox 192 3785 405 3866; x_wconf 87' lang='lat' dir='ltr'>aptitudinem</span> <span class='ocrx_word' id='word_1_212' title='bbox 428 3795 461 3849; x_wconf 91' lang='lat' dir='ltr'>et</span> <span class='ocrx_word' id='word_1_213' title='bbox 484 3807 550 3849; x_wconf 89' lang='lat' dir='ltr'>non</span> <span class='ocrx_word' id='word_1_214' title='bbox 574 3786 755 3849; x_wconf 86' lang='lat' dir='ltr'>secundum</span> <span class='ocrx_word' id='word_1_215' title='bbox 779 3796 899 3848; x_wconf 87' lang='lat' dir='ltr'>actum.</span> 
     </span>
    </p>
   </div>
   <div class='ocr_carea' id='block_1_7' title="bbox 0 0 1304 4200">
    <p class='ocr_par' dir='ltr' id='par_1_8' title="bbox 0 0 1304 4200">
     <span class='ocr_line' id='line_1_33' title="bbox 0 0 1304 4200; baseline 0 3"><span class='ocrx_word' id='word_1_216' title='bbox 0 0 1304 4200; x_wconf 95' lang='lat' dir='ltr'> </span> 
     </span>
    </p>
   </div>
  </div>
 </body>
</html>
