2600 4200
284 205 473 267 D1strucr.
500 203 669 266 XXXIV
698 204 850 284 Quffisr.
879 204 914 266 II
1011 225 1072 284 315

133 385 288 465 pronitas
311 385 515 464 permissive
551 383 594 444 ad
627 382 876 463 repudiandum
912 385 1014 444 viros.
1050 383 1098 445 Et

134 511 179 552 ex
203 481 276 552 hoc‘
292 500 387 569 patet
411 491 453 552 ad
477 499 718 571 argumentum
742 489 939 570 principale.

492 717 675 800 QuAEmuo
699 718 743 780 II.

134 854 138 861 ⁵
232 881 288 940 Ad
307 880 473 940 secundam
501 880 711 954 Quoestz'onem
734 882 779 940 sic
795 880 996 956 proceditur:

224 1037 372 1100 Videtur
395 1039 487 1118 quod
511 1039 715 1118 impotentia
737 1040 882 1101 coeundi
900 1059 967 1100 non
994 1041 1099 1120 impe·

134 1145 207 1206 diat
229 1147 494 1216 matrimonium,
520 1144 690 1226 quiahoc
714 1165 781 1207 non
806 1156 898 1207 esset
932 1147 997 1207 nisi
1033 1166 1098 1227 pro

131 1271 176 1312 eo
200 1252 292 1332 quod
315 1251 547 1314 contrahendo
570 1252 704 1334 obligat
727 1272 764 1313 se
788 1253 830 1313 ad
854 1244 967 1313 actum
984 1251 1095 1326 illum;

135 1359 196 1419 sed
220 1359 284 1419 hoc
308 1367 360 1418 est
384 1356 518 1427 falsum,
543 1360 624 1438 quia
647 1368 761 1439 potest
795 1360 995 1421 contrahere
1019 1377 1096 1420 cum

135 1465 313 1529 voluntate
337 1466 452 1526 statim
477 1465 625 1526 intrandi
650 1467 875 1547 religionem
901 1485 994 1546 ergo

229 1571 354 1632 Contra.
379 1572 498 1632 Extra.
524 1573 575 1631 De
587 1571 677 1649 frig.
702 1579 733 1631 et
754 1572 860 1649 males.
885 1593 909 1632 c.
936 1574 990 1633 ult.

224 1677 287 1738 Ao
317 1691 433 1740 istun
469 1676 735 1757 Qumsrronun
769 1678 846 1740 dico
881 1680 959 1739 duo.
985 1679 1098 1739 Primo

134 1786 342 1864 praemittam
368 1784 500 1865 aliquas
523 1783 783 1847 Distinctiones.
802 1785 943 1846 Secundo
962 1786 1096 1847 eliciam

135 1891 269 1970 aliquas
300 1891 548 1952 conclusiones.
583 1891 833 1953 Distinctiones
868 1900 981 1953 autem
1017 1902 1099 1954 sunt

135 1999 223 2072 istae,
247 1999 328 2078 quia
351 1999 554 2078 impotentia
576 1999 721 2059 coeundi
745 1999 813 2059 alia
843 2008 896 2059 est
926 2001 1092 2067 naturalis,

135 2106 204 2167 alia
225 2108 447 2174 accidentalia:
472 2108 553 2167 item
577 2107 644 2167 alia
661 2107 849 2183 prandens,
877 2106 945 2167 alia
967 2127 1098 2186 sequens

135 2214 390 2275 matrimonium
421 2223 679 2285 consumatum;
717 2215 797 2273 item
833 2213 901 2274 alia
927 2219 1093 2291 perpetua,

135 2320 203 2381 alia
225 2320 269 2379 ad
300 2326 428 2397 tempus.
453 2318 551 2380 Tunc
585 2320 737 2381 breviter
760 2320 837 2380 dico
860 2330 930 2381 tres
954 2318 1097 2381 Conclu-

136 2444 260 2487 siones.

217 2600 379 2701 *Prima
401 2628 454 2680 est
478 2620 569 2699 quod
590 2622 702 2681 omnis
719 2622 921 2701 impotentia
937 2621 1099 2700 simplici-

134 2735 188 2788 ter
210 2735 244 2787 et
268 2736 433 2807 perpetua
456 2728 510 2787 cui
535 2726 667 2787 scilicet
690 2727 865 2787 subveniri
890 2746 957 2788 non
982 2735 1098 2807 potest

135 2852 197 2914 per
220 2843 376 2895 naturam
401 2832 456 2893 vel
473 2841 590 2903 artem,
607 2834 635 2895 si
653 2832 825 2912 praecedat
841 2834 1096 2895 matrimonium

136 2941 338 3019 simpliciter
361 2940 503 3020 impedit
537 2940 791 3001 matrimonium
827 2939 1096 3002 contrahendum

136 3055 171 3108 et
200 3046 329 3107 dirimit
362 3054 584 3107 contractum.
610 3044 682 3107 Ista
715 3042 899 3107 Conclusio
933 3046 1098 3126 probatur

135 3153 324 3233 tripliciter.
350 3154 461 3213 Primo
485 3154 553 3213 sic:
590 3154 655 3213 iste
689 3161 883 3213 contractus
917 3161 970 3213 est
1003 3153 1097 3214 datio

135 3261 316 3340 potcstatis
339 3278 520 3340 corporum
545 3259 588 3320 ad
611 3259 714 3320 talem
746 3268 861 3320 actum
885 3261 914 3320 si
938 3268 1076 3339 petatur
1088 3281 1095 3332 ;

136 3367 197 3427 sed
221 3368 286 3428 iste
303 3366 431 3427 nullam
448 3374 653 3445 potestatem
670 3365 713 3426 ad
730 3364 832 3426 talem
849 3375 961 3426 actum
978 3366 1095 3437 habet;

137 3473 245 3555 igitur
267 3472 354 3533 nihil
377 3472 445 3533 tale
468 3481 583 3552 potest
606 3470 697 3542 dare,
722 3480 757 3532 et
787 3490 848 3551 per
881 3490 1097 3551 consequens

136 3597 198 3641 nec
222 3579 431 3640 contrahere.
457 3614 498 3621 -—
524 3578 664 3639 Secundo
687 3580 753 3638 sic:
779 3580 813 3639 in
837 3587 1013 3639 contractu
1029 3579 1097 3639 isto

989 3714 1013 3757 21
