2600 4200
233 244 298 307 204
485 224 560 288 Lm.
585 224 630 288 111
655 222 949 288 Sanrsnrmnmr

207 432 259 488 est
281 423 435 487 naturalis
458 444 477 485 a
499 405 669 485 voluntate
703 422 775 485 licet
798 422 838 484 sit
860 420 1037 503 imperatus
1060 441 1080 481 a
1101 419 1179 483 cha-

211 530 314 595 ritate.
532 520 535 527 ⁴

276 637 335 699 Ad
348 634 559 717 propositum,
584 635 609 697 si
634 634 797 717 loquimur
820 634 862 696 de
873 633 1043 696 dilectione
1064 632 1177 714 primo

156 814 158 825 y
211 744 321 817 modo,
357 743 474 806 dicitur
496 743 588 823 quod
611 762 677 803 non
702 741 814 803 omnia
836 748 912 803 sunt
942 740 1107 821 diligenda
1130 760 1175 801 ex

208 849 367 912 charitate
384 850 445 911 'sed
469 849 575 910 solum
600 848 653 909 illa
676 868 751 929 quae
775 856 912 928 possunt
936 846 1018 909 uniri
1041 866 1174 907 summo

210 956 298 1018 bono
322 976 378 1037 per
402 954 623 1037 cognitionem
641 963 674 1016 et
696 974 855 1027 amorem,
868 963 901 1015 et
916 952 992 1035 quia
1015 962 1173 1014 creaturae

208 1060 409 1125 irrationales
432 1082 498 1124 non
523 1070 660 1143 possunt
674 1060 755 1123 uniri
781 1060 854 1121 Deo
870 1080 927 1142 per
939 1060 1171 1142 cognitionem,

209 1166 284 1231 ideo
308 1168 359 1229 illa
383 1188 448 1230 non
473 1177 549 1229 sunt
571 1188 614 1229 ex
637 1167 796 1229 charitate
819 1166 992 1249 diligenda,
1016 1166 1173 1227 charitate

209 1275 283 1337 dico
306 1274 451 1338 eliciente
481 1283 605 1337 actum.
631 1274 665 1337 Si
689 1282 800 1336 autem
836 1274 1007 1355 loquamur
1031 1274 1072 1334 de
1095 1271 1172 1334 cha-

209 1380 302 1443 ritate
325 1381 468 1443 secundo
486 1381 586 1443 modo
609 1400 665 1442 seu
683 1381 724 1442 de
736 1380 916 1452 dilectione,
933 1379 979 1441 sic
1001 1379 1173 1461 diligenter

209 1487 320 1549 omnia
343 1508 386 1548 ex
410 1486 566 1549 charitate
600 1507 676 1568 quae
700 1496 776 1548 sunt
802 1485 1038 1567 ‘promoventia
1060 1486 1102 1547 ad
1125 1504 1173 1547 sa-

209 1590 311 1656 lutem
324 1603 356 1655 et
368 1595 409 1655 ad
421 1594 564 1657 divinam
583 1594 731 1673 laudem3
744 1602 777 1656 et
788 1594 865 1674 quia
875 1603 1002 1654 cunctae
1015 1601 1172 1653 creaturae

209 1708 405 1781 promovent
430 1720 488 1762 nos
511 1701 553 1762 ad
577 1700 721 1763 divinam
746 1700 876 1761 laudem
900 1719 943 1760 ex
958 1718 998 1761 eo
1021 1699 1111 1779 quod
1140 1698 1173 1760 in

208 1806 254 1869 eis
282 1808 425 1868 relucent
447 1807 556 1869 divina
591 1807 719 1869 bonitas
742 1816 775 1868 et
795 1805 928 1887 justitia,
953 1805 1027 1866 ideo
1058 1824 1173 1867 omnes

208 1921 365 1975 creaturae
389 1920 465 1974 sunt
489 1913 550 1975 isto
574 1914 675 1976 modo
699 1912 872 1994 diligendae
896 1933 939 1973 ex
962 1911 1129 1973 charitate.

282 2125 430 2192 fertio
456 2124 607 2210 opt'm’o
630 2135 679 2189 est
701 2147 777 2207 quae
812 2126 890 2188 dicit
925 2125 1015 2206 quod
1049 2124 1172 2207 aliquid

209 2231 297 2314 diligi
322 2254 365 2294 ex
388 2232 544 2295 charitate
575 2243 683 2314 potest
716 2232 850 2314 intelligi
886 2232 1066 2314 dupliciter.
1093 2231 1171 2295 Uno

210 2339 310 2401 modo
345 2339 483 2420 proprie,
496 2347 528 2400 et
552 2339 596 2400 sic
619 2340 726 2401 solum
758 2339 811 2401 illa
846 2347 921 2402 sunt
944 2359 988 2400 ex
1011 2337 1173 2401 charitate

206 2444 372 2526 diligenda
388 2466 463 2526 quae
487 2454 562 2507 sunt
582 2445 714 2528 capacia
737 2444 895 2508 felicitatis
918 2455 1061 2506 aeternae.
1091 2445 1173 2506 Alio

209 2551 310 2614 modo
335 2552 441 2614 minus
465 2553 603 2633 proprie,
628 2562 661 2614 et
684 2553 730 2614 sic
756 2572 855 2614 omne
877 2552 967 2634 quod
990 2560 1039 2614 est
1063 2550 1172 2613 reseri-

209 2655 272 2719 bile
295 2659 327 2719 in
352 2658 461 2721 Deum
485 2668 534 2720 est
556 2678 599 2720 ex
623 2657 780 2721 charitate
802 2657 1016 2740 diligendum.

253 2827 257 2838 ,
274 2759 336 2830 Ex
358 2760 421 2830 lu's
443 2760 591 2832 duabus
607 2761 755 2859 ultumas
766 2760 1012 2849 opimombus
1022 2773 1114 2845 patet
1129 2764 1173 2826 ad

206 2880 402 2952 argumenta
425 2871 592 2953 utriusque
610 2872 725 2952 partis,
749 2880 891 2953 excepto
910 2880 1107 2953 argumento
1131 2872 1173 2932 de

209 2975 366 3039 charitate
388 2997 464 3038 cum
501 2977 617 3040 dicitur
640 2979 730 3059 quod
757 2977 898 3040 charitas
932 2997 997 3040 non
1028 2988 1078 3040 est
1101 2977 1172 3039 dili-

206 3084 314 3165 genda
338 3105 381 3144 ex
405 3083 570 3156 charitate,
596 3084 650 3145 ubi
675 3094 806 3164 oportet
829 3085 1170 3166 negare'untccedens.

275 3191 333 3251 Ad
347 3191 494 3271 primam
511 3199 620 3254 autem
643 3191 869 3272 probationem
887 3191 1063 3253 dicendum
1080 3193 1172 3273 quod

207 3293 281 3357 ideo
305 3296 412 3357 nullus
435 3296 536 3357 credit
559 3317 593 3358 se
616 3295 736 3359 habere
759 3295 858 3358 fidem
882 3297 938 3358 sed
961 3297 1021 3358 scit
1044 3317 1079 3358 se
1114 3296 1171 3358 ha-

205 3395 284 3463 bere
307 3399 415 3474 fidem,
439 3403 516 3482 quia
547 3423 622 3464 cum
658 3402 728 3483 ipsa
751 3401 831 3465 fides
854 3403 894 3464 sit
925 3423 1070 3484 praesens
1104 3422 1171 3465 non

206 3503 368 3568 invenitur
393 3507 424 3570 in
455 3527 493 3570 ea
528 3507 610 3570 ratio
645 3508 806 3589 objectiva
830 3508 960 3571 habitus
984 3507 1069 3583 fidei,
1087 3509 1172 3591 ,quia

197 3612 373 3693 objectum
388 3612 460 3676 fidei
474 3624 522 3676 est
534 3635 648 3680 verum
662 3616 787 3689 absens,
802 3613 881 3677 fides
899 3623 1009 3677 autem
1035 3637 1103 3679 non
1121 3625 1172 3678 est
