2600 4200
255 213 313 272 168
477 210 551 272 Lm.
579 209 628 272 IV
655 211 961 272 Seuras‘lmuuu

223 390 308 468 quia
332 407 398 450 non
423 400 475 451 est
499 390 664 470 possibile
691 391 783 470 quod
818 399 993 469 respectus
1020 391 1065 450 sit
1099 391 1187 450 inter

222 495 294 557 duo
318 497 376 575 qui
399 497 446 556 sit
470 496 614 576 alicujus
637 497 681 557 ad
705 495 853 575 aliquod,
879 507 913 557 et
943 496 1008 557 hoc
1043 515 1110 557 uon
1134 507 1187 558 est

225 603 357 664 ratione
382 603 576 682 accidentis,
602 603 663 664 sed
687 603 818 664 ratione
850 613 1035 683 respectus,
1060 613 1098 664 ut
1120 603 1188 664 dic·

224 717 297 770 tum
322 719 375 770 est
399 711 433 769 in
459 707 661 789 Quaestione
684 709 902 790 praecedenti.

325 815 408 875 Tunc
430 816 474 875 ad
493 823 681 894 argumenta
704 817 845 875 secundoe
867 818 1032 894 opinionis.

316 923 371 981 Ad
384 925 538 999 primum,
567 923 660 1003 quod
683 932 756 983 erat
779 923 882 983 etiam
910 922 953 982 ad
987 922 1185 1003 principale,

220 1029 350 1088 concedo
384 1029 475 1108 quod
511 1028 689 1109 quodlibet
723 1028 881 1090 accidens
919 1038 1033 1089 careat
1070 1029 1187 1108 aliquo

118 1154 125 1166 ·
221 1135 388 1215 subjecto,
414 1137 612 1216 accipiendo
629 1136 820 1216 subjectum
836 1137 947 1216 primo
964 1135 1076 1203 modo,
1093 1135 1186 1215 quod

223 1241 357 1303 scilicet
379 1253 432 1302 est
444 1242 644 1322 subjectum,
659 1242 857 1323 accipiendo
874 1242 1062 1322 subjectum
1075 1243 1187 1322 primo

225 1349 338 1416 modo,
363 1349 454 1428 quod
479 1348 608 1409 scilicet
632 1359 685 1410 est
711 1349 901 1429 subjectum
938 1348 1092 1410 ultimate
1123 1357 1188 1408 ter·

224 1456 361 1516 minans
384 1454 645 1535 dependentium
671 1456 877 1526 accidentis;
914 1457 991 1516 ideo
1025 1457 1114 1516 enim
1151 1457 1186 1516 in

225 1560 423 1622 definitione
439 1563 590 1623 omnium
616 1564 841 1624 accidentium
868 1565 1007 1642 ponitur
1033 1561 1189 1622 substan-

224 1669 283 1736 tia,
309 1669 368 1729 sed
393 1689 460 1729 non
485 1680 625 1749 propter
652 1669 716 1730 hoc
732 1679 784 1730 est
801 1671 994 1750 substantia
1017 1669 1189 1730 immedia-

224 1784 297 1836 tum
322 1774 475 1836 additum
500 1777 533 1835 in
558 1769 756 1837 definitione
780 1776 1012 1856 cujuscunque
1034 1774 1187 1836 acciden-

223 1883 280 1949 tis,
306 1883 410 1942 immo
435 1883 469 1942 in
493 1880 692 1943 definitione
717 1883 857 1944 alterius
884 1892 936 1943 est
971 1882 1123 1943 additum
1148 1891 1187 1942 ut

223 1990 410 2050 mediatum
436 1989 645 2068 receptivum
674 1990 820 2051 mediate
841 1990 1042 2050 -terminans
1064 1987 1190 2068 depen-

222 2096 385 2165 dendam,
411 2106 444 2156 et
468 2095 609 2157 alterius
633 2095 837 2158 immediate.

316 2204 370 2262 Ad
389 2204 556 2261 secundnm
581 2204 660 2263 dico
683 2203 774 2283 quod
799 2204 957 2264 accidens
973 2210 1087 2281 potest
1111 2221 1189 2262 esse

220 2309 415 2389 subjectum
448 2309 642 2379 accidentis,
680 2310 878 2389 accipiendo
913 2309 1103 2389 subjeetum
1138 2328 1190 2368 se·

221 2416 337 2478 cundo
361 2418 462 2477 modo
486 2426 519 2476 et
544 2436 611 2477 non
635 2416 757 2496 primo.

316 2524 370 2582 Ad
390 2526 586 2583 auctoritates
610 2523 794 2600 Philosophi
818 2522 894 2582 dico
933 2522 1025 2601 quod
1050 2523 1086 2603 ly
1110 2524 1187 2599 quia

223 2640 370 2692 nonest
402 2639 483 2690 nota
516 2648 629 2690 causae
666 2630 725 2690 sed
760 2630 1045 2697 concomitantiae‚
1070 2639 1107 2689 ut
1142 2630 1188 2689 sit

224 2755 368 2797 sensus:
395 2738 551 2797 accidens
575 2756 642 2797 non
669 2737 792 2797 accidit
804 2736 981 2805 accidenti,
1008 2736 1072 2797 nisi
1096 2738 1183 2813 quia.

225 2844 324 2909 idest.
349 2844 485 2922 quaudo
510 2842 610 2904 ambo
635 2843 794 2904 accidunt
817 2843 924 2903 alteri.
943 2842 1058 2903 Aliter
1073 2850 1188 2922 potest

222 2950 290 3010 dici
317 2950 408 3029 quod
433 2950 665 3029 Philosophus
677 2950 829 3029 loquitur
842 2950 886 3009 ibi
900 2950 941 3009 de
954 2947 1189 3009 accidentibus

185 3076 190 3085 ¹
220 3058 418 3136 disparatis
444 3059 532 3117 sicut
556 3056 740 3136 praetendit
768 3057 965 3135 exemplum
1001 3056 1068 3124 ibi;
1104 3054 1189 3115 dicit

220 3166 315 3224 enim
341 3164 455 3223 album
480 3174 513 3224 ot
537 3164 715 3224 musicum.
743 3200 784 3207 —
814 3162 856 3221 Et
876 3183 944 3221 cnm
957 3162 1190 3240 probaturper

225 3272 391 3331 rationem
416 3271 457 3330 do
482 3290 542 3349 por
565 3290 640 3331 esse
672 3271 765 3331 etin
800 3268 867 3329 alio
903 3288 988 3335 esse,
1014 3276 1108 3347 patet
1141 3287 1189 3328 ex

218 3379 352 3454 proeccd.
382 3378 509 3451 Qucest„
538 3378 619 3456 quia
642 3395 684 3437 eo
708 3377 810 3437 modo
834 3395 902 3455 quo
926 3376 1088 3436 istasunt
1112 3393 1191 3453 pro·

225 3486 301 3564 pria
324 3484 525 3545 substantiae
561 3495 594 3543 et
630 3484 807 3550 accidenti,
843 3482 935 3562 quod
971 3500 1037 3541 non
1073 3488 1191 3560 potest

220 3603 417 3670 competere
442 3591 607 3651 accidenti
633 3610 694 3670 per
718 3609 754 3650 se
771 3609 856 3657 esse,
875 3608 936 3650 nec
954 3590 1120 3653 substare,
1137 3590 1191 3648 sic
