2600 4200
301 264 488 333 D1sr1ncr.
514 266 644 329 XXXII
669 264 819 347 Qunsr.
844 266 875 329 11
1012 281 1075 345 213

126 472 306 535 dilectione
331 471 392 535 Dei
421 458 601 535 secundum
632 473 805 535 essentiam
829 492 885 535 seu
917 472 1098 535 secundum

127 590 241 641 actum
276 578 499 655 essentialem
523 578 568 641 sic
596 579 700 661 diligit
716 578 828 642 omnia
844 579 1012 661 aequaliter
1028 599 1113 641 uno

127 684 268 768 simplici
285 693 361 747 actu
378 695 411 747 et
425 685 616 749 indivisibili.
643 685 676 750 Si
701 696 812 749 autern
846 685 1020 767 loquamur
1057 685 1099 747 de

129 792 304 855 dilectione
328 791 390 854 Dei
413 792 593 855 secundum
618 793 805 867 efficaciam,
830 791 893 855 hoc
916 801 964 854 est
996 812 1099 874 quan-

129 908 203 960 tum
219 899 263 960 ad
279 898 432 961 eflectum
452 908 716 981 consequentem,
740 900 785 962 sic
808 919 874 963 non
898 898 1004 981 diligit
1026 919 1096 961 orn-

130 1015 184 1076 nia
219 1014 399 1097 aequaliter,
424 1016 514 1097 quod
541 1024 631 1097 patet
666 1035 724 1097 per
759 1014 823 1077 hoc
846 1014 923 1097 quia
953 1015 1099 1096 inaequa·

130 1120 203 1182 liter
227 1120 316 1182 dona
338 1141 397 1183 sua
420 1121 594 1202 dispensat.
623 1120 704 1184 Alio
736 1122 837 1183 modo
859 1120 986 1195 dicitur,
1010 1119 1098 1182 etin

127 1227 221 1288 idem
247 1226 360 1300 reddit,
398 1228 488 1309 quod
523 1228 651 1290 dilectio
676 1228 738 1289 Dei
772 1236 881 1309 potest
915 1227 1096 1308 comparari

127 1334 183 1394 vel
208 1334 251 1395 ad
274 1353 375 1415 agens
399 1334 450 1396 vel
472 1335 514 1397 ad
546 1334 676 1416 objecta
706 1342 892 1397 connotata.
929 1333 963 1397 Si
998 1334 1100 1415 loqui-

127 1460 208 1501 mur
230 1439 339 1521 primo
374 1440 485 1514 modo,
509 1441 699 1504 conceditur
735 1440 826 1523 quod
859 1440 970 1503 omnia
993 1440 1097 1521 diligit

125 1546 309 1627 aequaliter.
335 1546 369 1610 Si
393 1548 536 1609 secundo
556 1548 666 1622 modo,
687 1568 753 1609 non
777 1546 975 1610 conceditur.

144 1687 147 1691 ·
199 1652 255 1713 Ex
280 1666 398 1715 Dtcrls
422 1662 513 1735 patet
534 1654 577 1716 ad
601 1664 796 1737 argumenta
808 1653 1006 1735 principalia,
1020 1652 1097 1734 quia

124 1770 327 1841 argumenta
350 1760 393 1823 ad
408 1760 548 1842 primam
565 1771 693 1842 partem
709 1770 853 1843 arguunt
869 1761 910 1822 de
926 1760 1097 1822 dilectione

124 1866 313 1929 secundum
336 1867 523 1943 efficaciam,
547 1868 609 1930 alia
631 1875 743 1930 autem
773 1875 917 1951 arguunt
941 1867 982 1928 de
1005 1866 1101 1928 dilec-

125 1974 220 2035 tione
244 1973 424 2036 secundum
448 1974 632 2039 essentiam.

495 2143 673 2226 Qunsrro
697 2144 738 2208 11.

443 2304 590 2368 Secundo
611 2305 793 2388 quoerilur:

185 2461 293 2546 Um
311 2460 442 2518 ulturus
460 2461 551 2530 mugla
568 2463 705 2518 dilexerlt
722 2462 844 2518 Petrum
862 2461 1071 2517 antoanam.

142 2635 147 2640 ·
200 2605 246 2667 Et
268 2607 396 2668 videtur
430 2607 521 2688 quod
555 2607 727 2687 Joannem,
751 2607 828 2689 quia
861 2606 957 2670 Joan.
982 2606 1099 2669 ultimo

125 2711 266 2774 dicitur:
292 2712 355 2775 Hic
377 2721 426 2776 est
448 2712 625 2796 discipulus
640 2714 693 2776 ille
707 2735 807 2797 quem
823 2712 980 2795 diligebat
996 2713 1099 2794 Jesus

127 2818 200 2883 Sed
223 2818 258 2897 ly
280 2816 335 2880 ltic
358 2839 424 2882 non
451 2819 608 2902 accipitur
642 2821 823 2883 secundum
847 2819 1098 2901 distinctionem,

125 2923 210 3008 quia
245 2924 393 2988 Christus
416 2926 572 3009 diligebat
595 2926 676 2990 alios
698 2927 889 3008 discipulos;
914 2947 993 3008 ergo
1016 2926 1099 2988 acci·

125 3031 221 3115 pitur
259 3032 439 3094 secundum
478 3033 715 3107 excellentiam,
754 3041 787 3094 et
828 3033 873 3095 sic
904 3032 1099 3114 diligebatur

125 3157 230 3219 super
253 3158 377 3202 omnes.

200 3260 230 3305 2.
266 3245 437 3321 Praeterea,
474 3245 580 3328 glossa
615 3245 712 3309 Joan.
748 3245 863 3326 ultimo
897 3244 974 3306 dicit
1008 3245 1098 3326 quod

125 3352 247 3415 Petrus
269 3353 343 3434 plus
365 3351 530 3436 diligebat,
556 3353 697 3433 Joannes
731 3361 843 3414 autem
878 3351 951 3433 plus
986 3350 1099 3432 dilige-

126 3459 241 3522 batur.

84 3645 91 3652 υ
184 3581 230 3646 η3.
255 3565 424 3640 Praeterea,
448 3565 500 3646 ille
524 3565 597 3648 plus
620 3565 765 3648 diligitur
799 3563 850 3627 cui
882 3564 1097 3626 ostenduntur

124 3672 224 3754 signa
260 3671 391 3752 majoris
428 3671 669 3750 familiaritatis;
705 3672 762 3734 sed
796 3669 913 3752 Joanni
952 3669 1099 3731 ostende·
