2600 4200
226 252 284 326 130
448 247 522 308 Lus.
549 246 600 308 IV
626 243 936 309 Sanrnxrrnnuu

198 436 332 488 creatus
356 427 411 488 vel
435 436 487 486 est
511 427 650 486 omnino
675 437 853 506 separatus
870 446 891 486 a
906 428 1049 488 materia
1072 427 1162 488 sicut

199 533 380 615 Angelus;
406 532 461 593 vel
484 541 537 593 est
572 531 695 593 similis
729 535 764 594 in
798 535 1006 614 operatione.
1041 542 1162 612 utpote

199 639 392 701 intellectus
457 641 580 700 animae
643 649 811 719 separatae
836 661 843 712 ;
897 649 931 701 et
965 638 1161 701 intellectus

199 747 321 808 animae
343 746 533 825 conjunctae
556 747 690 825 corpori
715 746 929 825 corruptibili
944 747 1005 825 qui
1024 765 1091 808 non
1113 747 1162 806 in·

198 852 325 934 telligit
350 853 415 913 nisi
439 870 515 912 cum
540 851 790 932 phantasmate,
813 872 858 912 ex
876 871 910 929 3.
934 853 971 912 de
994 853 1125 913 Anima.

287 959 426 1019 Secrmdo
450 977 587 1037 expono
610 958 675 1019 hoc
700 958 842 1019 verbum
859 960 1066 1018 naturaliter:
1091 977 1159 1020 non

198 1067 288 1125 enim
313 1064 519 1146 intelligitur
536 1065 627 1144 quod
651 1064 847 1126 intellectus
870 1085 915 1126 ex
936 1065 1011 1126 sola
1026 1085 1090 1129 sua
1104 1085 1162 1126 na·

199 1179 275 1232 tura
298 1173 408 1251 possit
432 1170 517 1232 illud
544 1170 713 1250 objectum
749 1190 968 1253 cognoscere,
992 1174 1075 1252 quia
1106 1182 1160 1233 est

198 1279 286 1338 sicut
309 1277 425 1338 tabula
448 1295 534 1346 rasa,
560 1297 603 1336 ex
622 1296 654 1353 3.
680 1277 717 1337 de
740 1279 861 1338 Anima
873 1300 887 1345 ,·
910 1277 971 1339 sed
996 1277 1160 1359 intelligi-

197 1394 252 1444 tur
268 1401 475 1464 cognoscere
488 1382 696 1453 naturaliter,
721 1385 804 1465 quia
819 1394 933 1464 potest
949 1403 1159 1466 cognoscere

196 1489 476 1551 concurrentibus
500 1491 613 1550 causis
637 1489 861 1557 naturalibus,
886 1490 1017 1551 scilicet
1044 1493 1159 1551 activo

197 1596 252 1657 vel
276 1597 425 1675 passivo

295 1703 395 1762 Tertio
419 1721 555 1782 expono
590 1703 672 1782 quid
707 1702 915 1784 intelligitur
948 1722 1010 1784 per
1042 1704 1157 1763 uidere.

198 1807 325 1870 Videre
349 1810 439 1869 enim
466 1801 626 1889 importat
660 1809 927 1870 intellectionem
962 1811 1157 1871 intuitivam

196 1927 233 1977 ut
250 1915 475 1996 distinguitur
490 1927 607 1977 contra
620 1917 863 1977 abstractivam
877 1917 1156 1979 intellectionem.

197 2021 294 2084 Sicut
317 2023 406 2082 enim
432 2023 607 2083 dicebatur
631 2024 664 2081 in
690 2023 823 2102 Prologo
846 2043 873 2084 ι.
899 2024 981 2090 Lib„
1010 2022 1160 2084 intellec-

196 2132 244 2191 tio
269 2130 430 2191 intuitiva
453 2140 505 2191 est
529 2130 716 2191 intellectio
740 2132 786 2192 rei
814 2141 850 2192 ut
874 2133 908 2192 in
934 2150 971 2192 se
999 2142 1051 2192 est
1075 2150 1160 2211 prae·

196 2255 284 2297 sens.
312 2235 535 2297 Abstractiva
558 2245 671 2297 autem
696 2238 850 2317 cognitio
886 2240 933 2299 rei
969 2238 1155 2299 secundum

196 2342 288 2422 quod
312 2341 440 2403 relucet
465 2344 498 2402 in
523 2342 637 2421 aliqua
672 2343 897 2405 similitudine
930 2363 1009 2423 quae
1042 2353 1157 2422 potest

197 2468 271 2510 esse
296 2450 370 2511 siue
394 2449 537 2528 alicujus
560 2450 743 2511 existentis
767 2452 841 2511 sive
871 2470 938 2511 non
962 2451 1156 2516 existentis,

196 2558 270 2616 sive
294 2556 473 2635 praesentis
490 2556 562 2615 sive
580 2575 647 2616 non
664 2558 853 2636 praesentis.
872 2556 950 2617 Non
967 2575 1052 2637 ergo
1068 2576 1158 2636 qua»

196 2664 282 2722 ritur
304 2663 340 2721 de
365 2662 538 2739 inlelligere
562 2646 759 2728 naturaliter,
789 2663 849 2723 sed
879 2662 916 2721 de
949 2664 1063 2730 videre,
1091 2662 1156 2723 hoc

196 2777 249 2829 est
271 2768 313 2828 de
338 2768 568 2828 intellectione
594 2769 754 2829 intuitiva
777 2769 879 2848 hujus
902 2770 1104 2830 existentiae.

287 2874 355 2935 HIS
380 2887 512 2935 AUTEM
547 2886 716 2935 OMNIBUS
752 2887 973 2943 PRAEMISSIS,
999 2870 1157 2936 termino·

196 3000 271 3042 rum
295 2983 511 3061 expositione
535 2982 715 3050 declarata,
741 2982 817 3042 dico
851 2981 894 3041 ad
919 2978 1155 3061 Quaestionem

197 3096 266 3148 tres
290 3086 544 3149 Conclusioncs

286 3194 407 3260 Prima,
436 3194 527 3274 quod
552 3194 746 3255 intellectus
771 3214 860 3255 nunc
887 3214 949 3273 pro
973 3204 1066 3255 statu
1091 3196 1157 3255 viae

196 3320 263 3361 non
289 3310 401 3380 potest
437 3299 635 3361 naturaliter
660 3300 775 3361 videre
799 3298 933 3380 Corpus
955 3300 1082 3362 Christi
1118 3311 1156 3362 ut

196 3410 231 3468 in
256 3406 472 3468 Eucharistia
506 3408 669 3467 existens
699 3407 845 3467 Probalio
878 3407 980 3487 hujus
1014 3406 1157 3470 Conclu-

196 3515 322 3575 sionis:
349 3514 429 3593 quia
453 3512 646 3575 intellectus
670 3516 729 3593 qui
753 3535 821 3575 non
838 3514 1003 3596 intelligit
1020 3516 1085 3575 nisi
1109 3534 1155 3575 ex

196 3620 425 3688 sensibilibus,
451 3622 478 3681 si
504 3630 583 3681 sunt
618 3620 795 3681 sensibilia
827 3622 1013 3700 praesentia
1035 3622 1156 3682 eodem
