2600 4200
351 235 540 299 Dssuucr.
566 237 617 298 lV
643 236 795 317 QUAEsT.
821 237 836 299 1
1027 259 1068 318 53

125 415 328 476 tinctionem
353 416 539 477 secundum
564 427 742 496 peccatum
755 427 789 478 et
805 436 873 478 non
898 427 1089 498 peccatum;

123 540 212 602 ergo
237 540 304 582 non
321 522 480 583 obstante
496 523 555 584 tali
572 525 812 603 conjunctione
828 523 939 592 locali,
952 534 1092 604 propter

124 627 381 690 distinctionem
414 630 638 710 personalem,
671 639 785 710 potest
819 630 984 710 parvulus
1015 649 1091 690 esse

120 735 249 814 justus.

217 841 386 910 Praeterea,
415 844 443 903 si
468 861 544 904 cum
569 843 809 923 conjunctione
843 845 910 904 ista
943 845 985 904 ad
1017 863 1092 904 cau-

125 969 200 1010 sam
224 951 454 1028 corruptionis
479 969 546 1011 non
570 959 685 1030 potest
708 962 799 1011 stare
824 952 936 1031 gratia
967 953 1001 1012 in
1018 970 1091 1031 par-

125 1055 224 1125 vulo;
249 1073 334 1135 ergo
358 1056 523 1135 parvulus
547 1057 581 1118 in
607 1066 705 1116 utero
729 1075 797 1117 non
821 1065 935 1136 potest
966 1057 1090 1118 habere

126 1162 344 1241 Baptismum
361 1161 511 1240 staminis
535 1163 591 1223 vel
614 1165 792 1240 sanguinis,
814 1181 958 1242 quorum
976 1164 1091 1225 utrun-

124 1287 193 1349 que
217 1280 271 1329 est
294 1266 428 1330 falsum.
454 1269 505 1328 De
520 1270 667 1348 stamine,
699 1279 793 1350 patet
827 1271 870 1330 de
904 1269 1088 1338 Hieremia,

126 1375 270 1435 Hieram.
295 1393 343 1444 1.,·
366 1375 408 1436 de
429 1374 560 1454 Joanne
585 1376 697 1456 Bapt,
723 1377 818 1436 anoe
841 1397 868 1436 1.
893 1377 992 1438 etde
1020 1376 1091 1437 Ma·

125 1489 177 1541 tre
201 1479 340 1550 Christi,
358 1489 396 1542 ut
412 1479 554 1542 firmiter
570 1492 664 1543 tenet
680 1480 844 1543 Ecclesia.
864 1483 914 1542 lle
931 1484 1090 1560 Bapn‘smo

124 1597 240 1648 autem
264 1590 432 1665 sanguinis
455 1597 549 1668 patet
572 1607 633 1668 per
657 1589 721 1649 hoc
745 1589 837 1668 quod
861 1591 889 1649 si
915 1591 992 1668 quis
1018 1609 1091 1670 per·

124 1695 282 1773 sequitur
305 1705 448 1755 matrem
473 1695 664 1776 gravidam,
689 1696 806 1756 eadem
834 1696 876 1756 de
900 1715 1003 1757 causa
1019 1713 1091 1776 per·

123 1803 282 1880 sequitur
319 1799 427 1863 filium
463 1804 497 1862 in
534 1813 630 1862 utero
665 1802 738 1881 ejus
773 1821 840 1882 qua
874 1804 1090 1882 persequitur

123 1917 284 1979 matrem,
309 1927 394 1990 ergo
419 1910 446 1970 si
465 1903 572 1970 mater
588 1908 754 1970 occiditur
770 1919 909 1990 propter
921 1910 1089 1989 justitiam

124 2015 180 2075 vel
205 2025 346 2095 propter
368 2013 480 2084 fidem,
506 2015 663 2076 similiter
679 2025 713 2076 et
729 2016 903 2096 parvulus.
921 2013 958 2077 Si
976 2025 1088 2076 autom

122 2123 292 2202 parvulus
316 2124 527 2185 occideretur
550 2135 648 2185 extra
672 2134 817 2192 uterum,
842 2124 981 2185 haberet
1003 2124 1090 2203 Bap-

122 2230 265 2290 tismum
290 2231 481 2311 sanguinis,
506 2232 535 2291 si
560 2250 622 2311 pro
642 2231 778 2309 justitia
800 2229 855 2290 vel
879 2228 946 2291 fide
962 2231 1090 2290 occide

123 2344 228 2405 retur,
255 2338 357 2397 etiam
383 2356 451 2397 non
475 2338 678 2417 baptizatus
703 2335 800 2417 Ergo
834 2336 952 2397 eodem
987 2338 1089 2397 modo

122 2442 330 2503 rationabile
354 2451 407 2504 est
430 2443 522 2523 quod
547 2442 643 2504 Deus
675 2462 742 2504 non
770 2444 973 2503 condemnet
1000 2463 1087 2510 eum,

122 2568 187 2628 pro
211 2548 315 2609 simili
341 2567 444 2609 causa
467 2550 502 2610 in
526 2561 623 2610 utero
646 2552 766 2611 matris
790 2568 938 2630 passum.

215 2656 297 2715 Dico
321 2656 422 2732 igliur
444 2656 488 2715 ad
507 2656 594 2716 istud
613 2658 750 2724 dubium,
767 2658 849 2737 quia
864 2656 920 2717 vel
937 2676 1022 2736 puer
1037 2666 1089 2717 est

122 2762 318 2823 secundum
341 2782 447 2823 ornnes
464 2769 574 2840 partes
597 2764 631 2823 in
658 2773 754 2824 utero
780 2765 899 2823 matris
931 2782 1011 2831 suae,
1033 2764 1089 2824 vel

122 2867 313 2929 secundum
337 2870 478 2947 aliquam
495 2876 622 2947 partem
646 2879 787 2951 apparet
814 2880 913 2931 extra
943 2881 1087 2932 uterum.

122 2972 161 3035 Si
182 2977 291 3052 primo
314 2975 410 3043 niodo,
438 2974 514 3037 dico
538 2976 630 3055 quod
662 2995 730 3037 non
765 2986 879 3057 potest
911 2977 1087 3057 baptizari,

122 3100 193 3142 non
219 3091 362 3162 propter
385 3080 449 3143 hoc
473 3084 554 3163 quia
577 3092 630 3144 est
653 3084 856 3164 conjunctus
879 3103 991 3145 causae
1018 3103 1089 3145 suae

120 3188 364 3267 corruptionis,
400 3198 438 3250 ut
471 3187 606 3251 dicebat
640 3191 836 3271 praecedens
869 3192 996 3271 opinio,
1029 3191 1088 3251 sed

120 3296 206 3375 quia
230 3294 431 3374 Baptismus
453 3304 506 3357 est
537 3296 668 3358 ablutio
702 3298 855 3377 corporis
890 3300 924 3358 in
960 3299 1086 3358 anima:

120 3402 184 3462 sed
208 3400 375 3481 parvulus
398 3420 476 3463 cum
501 3404 546 3465 sit
568 3404 604 3465 in
638 3413 736 3465 utero
770 3405 889 3466 matris
923 3406 1086 3471 existens,

119 3527 191 3571 non
216 3516 331 3587 potest
355 3508 474 3579 lavari,
498 3528 575 3571 cum
600 3529 669 3572 non
693 3512 804 3590 possit
819 3511 861 3571 ab
885 3530 975 3590 aqua
990 3510 1086 3590 tangi

118 3614 330 3677 immediate.
349 3612 386 3678 Si
404 3616 534 3677 secundo
550 3618 646 3685 modo,
668 3626 727 3678 aut
750 3628 892 3697 apparet
908 3636 987 3697 pars
997 3617 1088 3694 prin-
