2600 4200
239 199 301 274 348
470 195 543 256 Lm.
570 193 622 257 IV
646 193 952 257 Senraurmuuu

213 376 288 435 sive
312 374 494 454 conjuncta
516 375 590 434 sive
618 383 785 453 separata.
810 409 853 418 -
877 373 937 435 Ad
970 373 1068 434 aliud
1104 375 1185 435 dico

212 480 306 562 quod
330 479 505 542 inclinatio
523 489 655 541 naturae
671 490 723 541 est
738 480 885 560 duplex:
911 499 980 541 una
1002 480 1047 540 ad
1063 491 1184 542 actum

213 589 372 668 primum,
397 596 431 648 et
454 596 506 647 est
530 583 720 666 imperfecti
744 587 788 648 ad
818 583 1017 666 perfectum,
1042 596 1078 648 et
1101 607 1185 648 con-

212 695 395 755 comitatur
418 694 607 772 potentiam
631 693 871 764 essentialem
897 693 1041 754 aliaest
1064 694 1111 754 ad
1129 713 1183 755 ao

212 809 286 862 tum
310 801 496 861 secundum
520 809 555 860 et
589 808 642 860 est
675 797 817 878 perfecti
853 801 897 860 ad
930 797 1180 879 perfectionem

212 906 540 975 communicandam,
565 914 599 966 et
622 907 871 968 concomitatur
885 907 1076 985 potentiam
1091 909 1182 968 acci·

212 1015 393 1074 dentalem.
419 1011 472 1074 De
495 1013 615 1092 prima,
641 1031 760 1074 verum
786 1021 838 1073 est
861 1013 954 1092 quod
976 1014 1179 1093 oppositum

213 1121 287 1202 ejus
310 1130 363 1182 est
386 1120 576 1180 violentum
601 1128 635 1179 et
660 1138 729 1180 non
763 1129 978 1200 perpetuum,
1002 1123 1086 1199 quia
1120 1139 1181 1202 po-

213 1230 264 1289 nit
288 1224 577 1306 imperfectionem
603 1234 814 1306 perpetuam‚
832 1227 925 1306 quod
940 1225 1178 1306 Philosophus

212 1333 331 1396 habuit
354 1352 417 1413 pro
440 1333 705 1394 inconvenienti.
720 1330 789 1394 Sed
812 1333 962 1394 secunda
985 1333 1175 1403 inclinatio,

213 1443 241 1502 si
266 1451 433 1521 perpetuo
465 1439 704 1518 suspendatur,
729 1439 867 1500 nullum.
885 1439 1076 1500 violentum
1099 1459 1178 1519 pro·

211 1548 285 1627 prie
309 1548 443 1614 dicitur,
468 1548 550 1626 quia
576 1564 638 1607 nec
674 1543 896 1626 imperfectio,
921 1545 1023 1607 Nunc
1057 1557 1172 1608 autem

213 1654 389 1715 inclinatio
414 1655 537 1714 animae
562 1653 604 1713 ad
628 1671 754 1732 corpus
776 1661 910 1713 tantum
945 1660 998 1713 est
1021 1654 1174 1714 secundo

212 1761 328 1832 modo;
354 1759 409 1820 vel
426 1769 539 1840 potest
555 1759 622 1820 dici
640 1760 828 1820 secundum
845 1759 1063 1820 Avicennam
1080 1761 1175 1839 quod

213 1868 385 1947 appetitus
409 1867 532 1927 animae
558 1867 702 1928 satiatus
725 1875 778 1926 est
800 1885 862 1945 per
878 1866 942 1927 hoc
958 1865 1051 1945 quod
1066 1867 1175 1927 semel

212 1971 345 2054 perficit
367 1991 502 2052 corpuS‚
527 1973 609 2052 quia
631 1973 699 2032 ista
720 1972 916 2051 conjunotio
943 1971 1074 2054 estad
1108 1972 1176 2032 hoc

212 2091 251 2143 ut
274 2081 387 2142 anima
410 2079 580 2140 mediante
604 2097 746 2158 corpore
771 2080 925 2159 acquirat
948 2097 1030 2139 suas
1046 2076 1176 2159 perfec·

212 2190 323 2249 tiones
347 2205 408 2267 per
431 2205 561 2255 sensuS‚
587 2205 674 2265 quas
697 2186 771 2245 sine
794 2204 936 2265 corpore
967 2204 1034 2246 non
1059 2194 1176 2265 potest

211 2296 396 2374 acquirere,
422 2292 527 2354 semel
559 2294 672 2353 autem
697 2293 879 2371 conjuncta
900 2294 1036 2372 corpori
1060 2294 1176 2373 acqui·

211 2402 294 2463 sivit
318 2409 484 2481 quantum
508 2400 583 2479 ipsa
606 2378 714 2477 petiit.

201 2593 204 2600 ¹
299 2610 402 2675 Alta
425 2610 568 2691 opinio
592 2609 675 2671 dicit
698 2612 981 2673 resurrectionem
1012 2628 1090 2671 esse
1124 2609 1177 2671 fu·

211 2728 322 2780 turam
346 2738 449 2799 posse
473 2718 698 2778 demonstrari
723 2737 744 2777 a
767 2718 958 2796 posteriori.
983 2715 1030 2777 Et
1056 2718 1176 2797 arguit

211 2828 281 2887 sic:
307 2826 507 2887 naturaliter
538 2833 657 2884 notum
690 2834 742 2885 est
777 2824 871 2903 quod
903 2824 1080 2884 beatitudo
1116 2842 1174 2883 na·

210 2932 367 2993 turaliter
402 2932 583 3011 appetitur,
619 2931 684 2991 hoc
718 2939 814 3011 patet
847 2949 893 2991 ex
926 2950 954 2990 1.
989 2930 1092 2990 Eteri.
1127 2930 1174 2990 de

210 3039 421 3099 beatitudine
456 3039 491 3098 in
526 3037 690 3117 generali,
720 3045 754 3097 et
781 3055 829 3096 ro.
854 3037 955 3097 Ethic.
992 3036 1034 3097 de
1067 3036 1174 3097 beati·

211 3146 329 3206 tudine
345 3146 380 3204 in
405 3143 555 3223 speciali.
585 3142 655 3204 Sed
680 3153 797 3204 notum
821 3152 875 3204 est
898 3162 960 3223 per
989 3143 1169 3211 rationem,

209 3252 455 3312 beatitudinem
472 3268 540 3311 non
558 3268 660 3330 posse
683 3268 759 3310 esse
785 3250 850 3310 nisi
874 3258 1060 3321 aeternam;
1085 3267 1172 3329 ergo

211 3368 329 3419 notum
364 3367 416 3418 est
450 3376 512 3437 per
540 3358 706 3417 rationem
741 3356 931 3417 naturalem
961 3364 1072 3416 totum
1111 3354 1172 3415 ho·

211 3466 336 3525 minem
361 3465 510 3525 ordinari
546 3465 589 3525 ad
623 3464 772 3542 aliquam
807 3460 1051 3543 perfectionem
1086 3480 1172 3522 sem-

210 3573 389 3649 piternam.
415 3570 577 3631 Probatio
605 3572 738 3629 minoris
771 3588 833 3648 per
856 3569 1095 3649 Augustinum
1120 3586 1169 3643 13.
