2600 4200
234 178 296 251 264
459 173 534 234 Lm.
560 174 611 235 IV
636 172 942 236 Ssurnurmuun

207 354 322 423 minae,
362 355 443 433 quia
480 354 736 415 matrimonium
771 363 824 414 est
857 354 1033 415 vinculum
1069 355 1174 415 indis·

208 458 355 520 solubile
395 460 483 520 inter
520 478 648 520 marem
684 468 718 521 et
752 456 928 521 loeminam
968 478 1013 521 ex
1052 470 1172 522 mutua

206 564 431 627 translatione
465 568 647 645 potestatis
681 584 861 645 corporum
890 585 1029 629 suorum
1055 568 1099 627 ad
1123 570 1172 629 ln·

208 673 319 733 vicem
342 670 433 733 facta
456 674 499 733 ad
521 673 766 753 procreandam
791 671 921 753 prolem
945 674 1060 735 debite
1093 674 1172 735 edu-

205 778 362 841 candam.
509 756 516 769 ’
978 768 985 777 ’

297 883 335 947 Si
360 894 473 946 autem
497 894 672 965 quaeratur
695 885 737 946 de
761 886 979 947 matrimonio
1003 896 1169 966 quantum

207 991 253 1053 ad
286 994 423 1051 nominis
457 994 753 1069 interpretationem,
793 992 911 1053 dicunt
945 992 1051 1073 aliqui
1077 994 1168 1075 quod

207 1100 463 1159 matrimonium
488 1117 556 1159 non
581 1100 776 1159 nominatur
811 1117 831 1159 a
854 1108 950 1179 patre
974 1118 1036 1161 nec
1061 1120 1081 1161 a
1104 1119 1170 1161 ma-

205 1214 270 1274 tre,
295 1204 356 1265 sed
379 1205 422 1264 ab
446 1212 601 1284 utroque,
629 1205 832 1285 inquantum
850 1206 1024 1275 uniuntur,
1042 1216 1077 1267 et
1093 1208 1168 1268 ideo

207 1312 462 1372 matrimonium
486 1311 644 1372 dicitura
661 1314 794 1371 materia
819 1321 853 1372 et
880 1332 986 1373 monos
1001 1314 1093 1392 quod
1116 1322 1169 1375 est

207 1435 325 1486 unum,
349 1417 440 1478 unde
462 1418 718 1479 matrimonium
741 1416 866 1479 dicitur
889 1420 987 1498 quasi
1012 1438 1080 1481 una
1103 1440 1169 1481 ma-

205 1525 303 1584 teria.
328 1521 398 1585 Sed
421 1524 544 1584 melius
568 1524 693 1585 dicitur
723 1526 910 1586 secundum
944 1522 1115 1587 Isidorum
1139 1548 1168 1603 9.

206 1631 334 1707 Ethym.
348 1631 440 1711 quod
452 1632 706 1692 matrimonium
724 1631 849 1692 dicitur
861 1650 881 1691 a
893 1638 1001 1700 matre,
1023 1652 1113 1703 nam,
1130 1644 1168 1695 ut

206 1735 335 1798 ibidem
359 1737 521 1806 innuitur,
540 1737 604 1797 hoc
620 1746 870 1798 sacramentum
883 1736 986 1798 habet
999 1738 1169 1819 triplicem

207 1843 473 1923 appellationem
498 1843 685 1904 secundum
720 1844 888 1923 triplicem
929 1846 1171 1908 consideratio-

206 1968 306 2020 nem;
332 1950 569 2011 diciturenim
594 1950 804 2031 conjugium,
830 1952 960 2031 nuptiae
988 1962 1023 2013 et
1057 1956 1171 2015 matri·

207 2058 370 2118 monium.
395 2054 501 2136 Cujus
525 2058 611 2118 ratio
638 2067 691 2118 est
726 2058 808 2138 quia
841 2067 955 2138 potest
989 2059 1171 2141 tripliciter

206 2164 426 2232 considerari,
451 2164 581 2225 scilicet
605 2164 792 2226 secundum
817 2165 903 2225 illud
938 2168 1030 2245 quod
1053 2173 1106 2236 est,
1136 2179 1171 2230 et

208 2271 397 2331 secundum
419 2273 548 2347 signum
573 2273 607 2331 in
643 2291 711 2350 quo
745 2278 884 2348 apparet,
913 2282 947 2333 et
981 2275 1168 2336 secundum

197 2375 346 2452 suatum
372 2378 414 2437 ad
438 2397 539 2456 quom
563 2378 729 2458 perducit.
755 2380 844 2439 sicut
867 2388 920 2440 est
942 2380 1069 2442 bonum
1094 2401 1170 2460 pro·

208 2483 261 2543 lis.
287 2481 325 2545 Si
349 2484 582 2544 consideretur
605 2486 792 2546 secundum
818 2485 903 2546 illud
915 2487 1006 2565 quod
1031 2498 1093 2557 est,
1118 2490 1169 2550 sic

207 2590 333 2650 dicitur
356 2591 554 2671 conjugium
578 2593 676 2670 quasi
712 2611 892 2652 commune
922 2591 1056 2674 jugum,
1087 2597 1169 2674 quia

206 2698 255 2759 ibi
280 2707 332 2757 est
355 2698 522 2777 obligatio
546 2700 651 2758 maris
668 2709 701 2759 et
718 2697 880 2760 foeminae.
899 2697 936 2762 Si
954 2710 1066 2762 autem
1092 2721 1170 2764 con-

205 2805 375 2864 sideretur
399 2806 511 2882 quoad
535 2807 674 2885 signum
699 2806 732 2865 in
760 2826 828 2885 quo
863 2818 1013 2886 apparet,
1038 2810 1087 2868 sic
1122 2811 1171 2870 di·

203 2912 295 2970 citur
320 2913 449 2989 nuptiae
474 2914 571 2991 quasi
595 2932 616 2971 a
633 2913 731 2980 nube,
758 2915 838 2992 quia
863 2914 1029 2974 nubentes
1041 2917 1168 2994 operiri

206 3017 364 3077 solebant
388 3029 421 3076 ot
445 3038 560 3078 corum
596 3020 710 3098 capita
744 3019 954 3082 velabantur.
980 3017 1017 3082 Si
1054 3031 1167 3083 autem

203 3125 441 3184 consideretur
465 3127 564 3184 tertio
588 3126 700 3193 modo,
726 3127 855 3186 scilicet
880 3128 1065 3188 secundum
1083 3125 1170 3190 lruc-

206 3240 279 3291 tum
304 3232 347 3289 ad
372 3251 471 3308 quem
497 3233 661 3310 perducit,
689 3235 777 3293 sicut
801 3243 853 3292 cst
886 3233 1013 3296 bonum
1049 3235 1168 3314 prolis

205 3339 256 3397 sic
281 3337 404 3396 dicitur
428 3340 682 3399 matrimonium
709 3360 728 3398 a
751 3349 868 3400 matre.
894 3343 975 3419 quia
1009 3354 1169 3422 respectu

208 3445 277 3503 nati
303 3448 415 3521 magis
440 3445 573 3504 laborat
597 3465 697 3524 quam
724 3457 820 3525 pater
845 3448 879 3506 in
908 3449 1087 3526 portando,
1113 3469 1171 3529 pa-

208 3550 326 3611 riendo
351 3564 383 3610 et
410 3553 599 3612 nutriendo,
