2600 4200
327 203 515 265 Drsrmc‘r.
542 202 672 263 XXIV
698 202 848 283 QuAEsr.
872 203 887 264 Ι
1011 222 1072 282 ²53

136 384 280 445 Clericos.
305 383 456 443 Probant
487 383 589 443 etiam
624 382 690 461 ipsi
727 381 867 451 ratione,
903 382 984 463 quia
1018 401 1096 443 curn

131 489 307 569 Episcopo
331 489 511 550 conveniat
539 488 697 568 quaedam
721 498 874 568 potestas
891 490 1094 568 inquantum

131 606 186 658 est
208 594 412 675 Episcopus,
436 603 495 656 aut
519 596 586 656 ista
608 597 674 655 erit
697 595 836 665 ordinis
862 604 895 656 et
928 604 1009 657 tunc
1040 594 1098 655 ha·

131 704 231 764 betur
254 704 484 782 propositum;
509 711 568 762 aut
587 701 827 781 jurisditionis,
853 710 888 763 et
911 710 992 763 tunc
1020 720 1097 782 pos-

132 818 186 871 set
208 807 333 870 auferri
357 827 419 888 per
441 810 662 888 superiorem,
688 808 780 889 quod
810 808 946 870 videtur
980 810 1094 870 incon-

132 917 285 985 veniens,
311 917 392 995 quia
414 915 625 977 consecratio
648 914 716 975 alia
739 914 847 977 multo
870 916 982 976 minor
1016 934 1095 976 con-

132 1024 323 1084 secratione
347 1020 510 1102 Episcopi
535 1040 603 1083 non
615 1028 730 1102 potest
746 1019 870 1083 auferri
888 1023 971 1101 quin
987 1022 1094 1083 semel

131 1140 368 1191 consecratum
392 1137 528 1189 maneat
550 1136 795 1189 consecratum.

223 1235 295 1297 Ista
318 1237 375 1295 via
396 1244 515 1314 posset
538 1236 656 1304 teneri,
682 1254 750 1295 uno
784 1235 885 1296 modo
919 1236 968 1295 sic
1002 1234 1097 1315 quod

132 1341 263 1424 gradus
286 1351 401 1422 potest
423 1342 490 1402 dici
518 1342 672 1402 eminens
707 1349 847 1422 propter
881 1341 1095 1405 nobilitatem

133 1458 231 1509 actus
254 1467 356 1529 quem
391 1448 539 1527 respicit,
575 1447 631 1508 vel
666 1456 806 1527 propter
840 1447 1095 1509 multitudinem

133 1564 270 1617 actuum
295 1573 381 1634 quos
405 1555 555 1634 respicit.
581 1553 653 1615 Ista
669 1554 843 1615 distinctio
855 1563 950 1633 patet
965 1556 1000 1615 in
1017 1555 1095 1617 aliis

132 1660 272 1742 politiis
299 1660 399 1722 Nunc
422 1660 466 1721 ad
489 1661 703 1741 propositum
729 1660 853 1722 dieitur
877 1662 969 1742 quod
996 1660 1096 1741 Epis·

131 1776 277 1847 copatus
299 1776 353 1828 est
376 1767 469 1836 ord0,
505 1776 540 1828 et
573 1768 775 1848 simpliciter
810 1768 893 1828 ordo
927 1770 1094 1848 superior,

132 1876 215 1954 quia
237 1874 340 1935 habet
363 1873 516 1934 ordinem
533 1873 577 1934 ad
588 1892 707 1935 omnes
724 1883 820 1935 actus
834 1873 1093 1945 ecclesiasticos

133 1979 370 2043 Sacerdotium
394 2000 477 2041 vero
501 1980 626 2042 dieitur
648 1980 742 2049 ordo,
767 1982 846 2062 quia
876 1981 979 2042 habet
1009 1982 1097 2043 ordi·

132 2108 211 2150 nem
235 2088 278 2149 ad
313 2086 562 2149 nobilissimum
599 2096 711 2149 actum
747 2088 805 2168 qui
841 2095 894 2150 est
928 2086 1094 2150 conficere

132 2193 266 2275 Corpus
290 2193 427 2256 Christi.

221 2300 307 2364 Cum
325 2321 409 2382 ergo
425 2302 592 2381 quaeritur
607 2303 641 2363 in
660 2303 726 2362 isto
743 2301 903 2363 Articulo
918 2311 1003 2381 quot
1014 2311 1095 2363 sunt

132 2407 291 2476 Ordines,
305 2408 381 2469 dico
394 2409 486 2487 quod
498 2410 525 2469 si
539 2408 769 2488 Episcopatus
781 2420 834 2469 est
845 2407 949 2478 Ord0‚
962 2419 1000 2469 ut
1012 2410 1095 2471 dicit

131 2515 332 2594 praecedens
343 2517 469 2594 opinio,
483 2525 564 2576 tunc
577 2525 657 2575 sunt
669 2525 745 2575 octo
758 2513 914 2577 Ordines.
929 2513 966 2577 Si
980 2523 1093 2576 autem

132 2620 382 2700 Episscopatus
405 2640 473 2681 non
497 2631 550 2681 est
574 2619 678 2690 Ordo,
696 2623 745 2681 sic
763 2631 842 2683 sunt
859 2631 999 2701 septem,
1014 2624 1094 2702 quia

132 2747 210 2788 cum
227 2726 321 2790 Ordo
345 2730 390 2788 sit
417 2729 555 2807 quidam
573 2729 701 2808 gradus
718 2729 871 2790 eminens
888 2730 922 2789 in
939 2727 1095 2790 Ecclesia

131 2835 319 2914 disponens
336 2836 377 2895 de
394 2853 548 2914 congruo
561 2835 603 2894 ad
619 2834 767 2914 aliquem
785 2843 898 2895 actum
911 2837 968 2915 qui
986 2845 1039 2897 est
1050 2835 1094 2896 ad

131 2943 422 3002 consecrationem
446 2942 501 3001 vel
538 2943 829 3020 dispensationem
865 2941 1092 3004 Eucharistiae

131 3050 317 3128 pertinens,
342 3057 426 3128 quot
449 3057 530 3108 sunt
554 3049 682 3130 gradus
707 3049 896 3110 addictam
921 3069 1094 3132 consecra-

132 3156 260 3216 tionem
285 3157 503 3234 pertinentes,
530 3164 580 3216 tot
604 3165 685 3216 sunt
709 3153 865 3216 Ordines
892 3193 933 3198 —
962 3157 1094 3216 Primus

132 3270 245 3322 autern
271 3263 398 3342 gradus
422 3262 608 3340 disponens
632 3262 675 3322 ad
706 3264 994 3323 consecrationem
1027 3263 1094 3324 Eu-

130 3369 304 3429 charistiae
339 3379 391 3428 est
426 3368 671 3429 Sacerdotium.
708 3406 749 3412 —-
785 3370 944 3430 Secundus
979 3377 1092 3432 autem

132 3475 262 3555 gradus
285 3474 470 3554 disponens
495 3476 536 3534 ad
561 3475 849 3554 dispensationem
875 3477 947 3555 ejus
972 3477 1092 3538 saltem

133 3583 313 3660 sanguinis
337 3590 389 3640 cst
414 3581 633 3642 Diaconatus
663 3619 703 3624 —
747 3583 871 3642 Tertius
906 3584 1092 3662 disponens
