2600 4200
234 217 297 291 388
471 211 546 273 Lm.
572 211 624 272 IV
649 209 958 274 Suuruurmuum
1013 232 1015 236 ·

208 402 263 452 est
301 390 432 471 aliquid
471 391 693 452 intrinsecum
733 391 790 452 isti
829 389 890 450 sed
927 392 1190 452 extrinsecum.

214 499 410 576 Consequens
433 508 486 559 est
508 495 644 566 falsum,
669 499 751 577 quia
773 507 826 558 est
848 505 969 558 contra
994 499 1191 559 auctorita·

209 613 279 666 tem
304 604 496 686 Augustini
520 605 564 663 ad
584 604 772 664 Dioscorum
796 612 962 683 utsupra
986 603 1189 684 allegatum

208 720 272 772 est.
299 747 340 754 -
365 711 422 770 Ad
442 711 524 770 illud
544 710 621 771 dico
644 711 716 790 qud
739 710 805 772 dos
834 719 949 790 potest
983 710 1075 771 bene
1115 731 1187 772 non

210 819 324 880 inesse
347 818 484 879 realiter
498 836 656 897 personae
673 817 810 886 dotatae,
828 818 917 878 sicut
932 835 1060 878 nomen
1077 836 1189 897 spon-

209 934 337 986 sae'est
361 923 447 986 illud
470 924 563 1004 quod
586 934 640 985 est
664 921 729 985 sibi
754 924 869 985 datum
887 943 907 984 a
923 941 1065 1003 sponso,
1084 924 1185 1004 quod

209 1041 413 1093 consuetum
441 1041 494 1092 est
528 1030 591 1092 dos
625 1031 704 1102 dici,
736 1032 837 1111 juxta
871 1030 956 1091 illud
985 1031 1066 1092 Gen.
1097 1049 1185 1107 34:
1293 1051 1294 1082 1

210 1130 337 1220 augete
361 1138 476 1199 dotem
510 1148 545 1198 et
580 1157 721 1200 munera
754 1137 936 1218 postulate.
961 1135 1007 1198 Et
1043 1139 1095 1198 ita
1131 1157 1187 1200 ra·

210 1247 305 1306 tione
329 1245 525 1325 nuptiarum
550 1244 779 1324 spiritualium
804 1243 1131 1314 consumandarum,
1146 1247 1182 1306 iu

209 1353 459 1413 resurrectione
483 1351 620 1412 dabitur
642 1351 767 1431 cuique
789 1351 890 1412 beato
914 1369 976 1430 pro
1004 1349 1085 1412 dote
1112 1352 1185 1412 ista

210 1459 409 1519 assistentia
443 1458 561 1519 divina
594 1475 812 1537 praeservans
850 1458 962 1536 ipsum
1002 1457 1046 1516 ab
1082 1459 1179 1519 omni

209 1565 440 1644 corruptione,
465 1564 545 1626 licet
569 1565 636 1625 ista
659 1563 816 1626 custodia
840 1563 966 1624 nonin
1002 1563 1048 1624 sit
1080 1564 1182 1625 reali·

210 1680 264 1732 ter
287 1671 364 1750 ipsi.

290 1865 352 1926 Au
364 1877 639 1926 Ancuuuuruu
656 1867 690 1924 in
706 1866 909 1932 contrarium,
930 1864 959 1926 si
976 1864 1179 1926 conceditur

210 1973 398 2033 auctoritas
421 1949 594 2053 Gregorii,
619 1989 698 2050 quae
723 1981 838 2032 tamen
862 1989 930 2032 non
958 1970 1097 2032 videtur
1121 1990 1180 2032 ne·

210 2079 370 2149 cessaria,
395 2079 476 2159 quia
498 2079 590 2140 enim
624 2078 751 2140 coelum
787 2095 856 2140 non
890 2088 1007 2159 posset
1042 2078 1175 2158 palpari

211 2206 233 2246 a
247 2186 359 2267 digito
376 2186 421 2246 ibi
441 2187 612 2247 existente
628 2185 854 2266 intelligendo
871 2185 1103 2265 palpationem
1127 2204 1180 2247 re·

210 2294 404 2354 sistentiam
428 2291 552 2354 factam
577 2292 695 2362 tactui,
719 2292 800 2353 licet
823 2311 891 2353 non
923 2288 1103 2353 afficiendo
1126 2310 1178 2353 se·

211 2399 362 2461 cundum
387 2399 537 2478 aliquam
561 2397 664 2460 talem
699 2397 910 2478 qualitatem,
936 2417 1026 2459 nunc
1061 2408 1177 2461 autem

210 2506 299 2566 bene
324 2505 473 2567 concedo
497 2505 589 2585 quod
616 2505 776 2586 palpatur
809 2505 996 2566 secundum
1033 2505 1179 2585 qualita-

212 2623 281 2673 tem
307 2612 503 2674 sensibilem
529 2611 741 2673 immutando
769 2620 897 2673 tactum
933 2630 1006 2673 suae
1042 2622 1177 2673 naturae

211 2719 412 2779 derelictum
426 2738 512 2781 esse
536 2718 768 2799 corruptibile,
794 2718 855 2779 sed
882 2737 944 2779 nec
968 2719 1018 2779 sic
1043 2720 1078 2779 in
1102 2737 1180 2799 pro-

212 2827 337 2905 posit0.

571 3070 753 3151 Quaestio
774 3070 817 3132 II.

313 3216 369 3274 Ad
388 3216 553 3274 serrandum
581 3216 791 3289 Quoestionem
814 3216 858 3273 sic
875 3214 1075 3290 proceditur:

303 3372 452 3434 Videtur
475 3374 567 3453 quod
590 3392 734 3454 corpora
763 3374 940 3434 beatorum
973 3390 1040 3433 non
1076 3382 1180 3435 erunt

214 3481 330 3562 agilia,
367 3481 448 3560 quia
482 3482 510 3540 si
546 3482 581 3541 in
611 3490 732 3542 natura
756 3478 840 3541 nihil
864 3480 1005 3559 ponitur
1037 3476 1178 3550 frustra,

212 3586 323 3647 multo
346 3588 460 3648 minus
483 3588 518 3647 in
542 3587 668 3667 gloria;
705 3588 765 3647 sed
794 3586 933 3667 agilitas
968 3585 1002 3647 in
1033 3603 1181 3665 corpore
