<?xml version="1.0" encoding="UTF-8"?>
<!DOCTYPE html PUBLIC "-//W3C//DTD XHTML 1.0 Transitional//EN"
    "http://www.w3.org/TR/xhtml1/DTD/xhtml1-transitional.dtd">
<html xmlns="http://www.w3.org/1999/xhtml" xml:lang="en" lang="en">
 <head>
  <title>
</title>
<meta http-equiv="Content-Type" content="text/html;charset=utf-8" />
  <meta name='ocr-system' content='tesseract 3.04.00' />
  <meta name='ocr-capabilities' content='ocr_page ocr_carea ocr_par ocr_line ocrx_word'/>
</head>
<body>
  <div class='ocr_page' id='page_1' title='image "./commentariainli02scotgoog_0643.png"; bbox 0 0 2600 4200; ppageno 0'>
   <div class='ocr_carea' id='block_1_1' title="bbox 315 231 1052 313">
    <p class='ocr_par' dir='ltr' id='par_1_1' title="bbox 315 231 1052 313">
     <span class='ocr_line' id='line_1_1' title="bbox 315 231 1052 313; baseline -0.001 -19"><span class='ocrx_word' id='word_1_1' title='bbox 315 233 505 295; x_wconf 79' lang='lat' dir='ltr'>Drsnucr.</span> <span class='ocrx_word' id='word_1_2' title='bbox 535 232 636 294; x_wconf 90' lang='lat' dir='ltr'>XLV</span> <span class='ocrx_word' id='word_1_3' title='bbox 662 231 814 313; x_wconf 61' lang='lat' dir='ltr'>Qut-esc.</span> <span class='ocrx_word' id='word_1_4' title='bbox 842 231 858 294; x_wconf 93' lang='grc' dir='ltr'><strong>Ι</strong></span> <span class='ocrx_word' id='word_1_5' title='bbox 992 235 1052 310; x_wconf 80' lang='lat'>365</span> 
     </span>
    </p>
   </div>
   <div class='ocr_carea' id='block_1_2' title="bbox 114 411 1127 3689">
    <p class='ocr_par' dir='ltr' id='par_1_2' title="bbox 114 411 1127 3457">
     <span class='ocr_line' id='line_1_2' title="bbox 115 411 1078 493; baseline -0.003 -20"><span class='ocrx_word' id='word_1_6' title='bbox 115 431 179 493; x_wconf 91' lang='lat' dir='ltr'>per</span> <span class='ocrx_word' id='word_1_7' title='bbox 201 412 372 483; x_wconf 87' lang='lat' dir='ltr'>medium;</span> <span class='ocrx_word' id='word_1_8' title='bbox 397 412 458 473; x_wconf 89' lang='lat' dir='ltr'>sed</span> <span class='ocrx_word' id='word_1_9' title='bbox 482 429 536 472; x_wconf 89' lang='lat' dir='ltr'>res</span> <span class='ocrx_word' id='word_1_10' title='bbox 560 420 659 472; x_wconf 87' lang='lat' dir='ltr'>extra</span> <span class='ocrx_word' id='word_1_11' title='bbox 683 419 735 472; x_wconf 84' lang='lat' dir='ltr'>est</span> <span class='ocrx_word' id='word_1_12' title='bbox 758 412 897 472; x_wconf 91' lang='lat' dir='ltr'>omnino</span> <span class='ocrx_word' id='word_1_13' title='bbox 915 411 949 471; x_wconf 91' lang='lat' dir='ltr'>in</span> <span class='ocrx_word' id='word_1_14' title='bbox 974 427 1078 470; x_wconf 88' lang='lat' dir='ltr'>sensu</span> 
     </span>
     <span class='ocr_line' id='line_1_3' title="bbox 114 517 1080 587; baseline -0.003 -7"><span class='ocrx_word' id='word_1_15' title='bbox 114 518 348 587; x_wconf 83' lang='lat' dir='ltr'>materialiter,</span> <span class='ocrx_word' id='word_1_16' title='bbox 372 519 408 580; x_wconf 93' lang='lat' dir='ltr'>in</span> <span class='ocrx_word' id='word_1_17' title='bbox 432 517 608 580; x_wconf 90' lang='lat' dir='ltr'>intellectu</span> <span class='ocrx_word' id='word_1_18' title='bbox 638 526 753 579; x_wconf 89' lang='lat' dir='ltr'>autem</span> <span class='ocrx_word' id='word_1_19' title='bbox 788 518 927 578; x_wconf 90' lang='lat' dir='ltr'>omnino</span> <span class='ocrx_word' id='word_1_20' title='bbox 963 517 1080 578; x_wconf 92' lang='lat' dir='ltr'>imma-</span> 
     </span>
     <span class='ocr_line' id='line_1_4' title="bbox 114 623 1079 706; baseline -0.002 -20"><span class='ocrx_word' id='word_1_21' title='bbox 114 625 303 697; x_wconf 88' lang='lat' dir='ltr'>terialiter;</span> <span class='ocrx_word' id='word_1_22' title='bbox 328 643 412 706; x_wconf 84' lang='lat' dir='ltr'>ergo</span> <span class='ocrx_word' id='word_1_23' title='bbox 435 633 571 705; x_wconf 84' lang='lat' dir='ltr'>oportet</span> <span class='ocrx_word' id='word_1_24' title='bbox 587 624 680 705; x_wconf 92' lang='lat' dir='ltr'>quod</span> <span class='ocrx_word' id='word_1_25' title='bbox 696 631 847 684; x_wconf 88' lang='lat' dir='ltr'>transeat</span> <span class='ocrx_word' id='word_1_26' title='bbox 862 642 923 703; x_wconf 90' lang='lat' dir='ltr'>per</span> <span class='ocrx_word' id='word_1_27' title='bbox 938 623 1079 704; x_wconf 83' lang='lat' dir='ltr'>aliquod</span> 
     </span>
     <span class='ocr_line' id='line_1_5' title="bbox 115 729 1079 812; baseline -0.002 -20"><span class='ocrx_word' id='word_1_28' title='bbox 115 732 268 792; x_wconf 90' lang='lat' dir='ltr'>medium</span> <span class='ocrx_word' id='word_1_29' title='bbox 293 733 327 793; x_wconf 94' lang='lat' dir='ltr'>in</span> <span class='ocrx_word' id='word_1_30' title='bbox 351 750 420 812; x_wconf 93' lang='lat' dir='ltr'>quo</span> <span class='ocrx_word' id='word_1_31' title='bbox 442 729 482 792; x_wconf 90' lang='lat' dir='ltr'>fit</span> <span class='ocrx_word' id='word_1_32' title='bbox 505 730 620 811; x_wconf 93' lang='lat' dir='ltr'>aliquo</span> <span class='ocrx_word' id='word_1_33' title='bbox 654 730 756 791; x_wconf 93' lang='lat' dir='ltr'>modo</span> <span class='ocrx_word' id='word_1_34' title='bbox 790 730 1011 791; x_wconf 86' lang='lat' dir='ltr'>materialiter</span> <span class='ocrx_word' id='word_1_35' title='bbox 1044 739 1079 790; x_wconf 91' lang='lat' dir='ltr'>et</span> 
     </span>
     <span class='ocr_line' id='line_1_6' title="bbox 116 833 1077 918; baseline -0.002 -20"><span class='ocrx_word' id='word_1_36' title='bbox 116 837 235 918; x_wconf 87' lang='lat' dir='ltr'>aliquo</span> <span class='ocrx_word' id='word_1_37' title='bbox 268 838 371 898; x_wconf 92' lang='lat' dir='ltr'>modo</span> <span class='ocrx_word' id='word_1_38' title='bbox 405 836 683 899; x_wconf 82' lang='lat' dir='ltr'>immaterialiter.</span> <span class='ocrx_word' id='word_1_39' title='bbox 709 833 768 898; x_wconf 91' lang='lat' dir='ltr'>Sic</span> <span class='ocrx_word' id='word_1_40' title='bbox 802 845 916 898; x_wconf 86' lang='lat' dir='ltr'>autem</span> <span class='ocrx_word' id='word_1_41' title='bbox 956 847 1008 897; x_wconf 90' lang='lat' dir='ltr'>est</span> <span class='ocrx_word' id='word_1_42' title='bbox 1041 837 1077 896; x_wconf 92' lang='lat' dir='ltr'>in</span> 
     </span>
     <span class='ocr_line' id='line_1_7' title="bbox 116 942 1079 1024; baseline -0.003 -18"><span class='ocrx_word' id='word_1_43' title='bbox 116 964 223 1006; x_wconf 91' lang='lat' dir='ltr'>sensu</span> <span class='ocrx_word' id='word_1_44' title='bbox 246 945 468 1006; x_wconf 82' lang='lat' dir='ltr'>materialiter</span> <span class='ocrx_word' id='word_1_45' title='bbox 490 944 640 1024; x_wconf 88' lang='lat' dir='ltr'>quidem,</span> <span class='ocrx_word' id='word_1_46' title='bbox 665 945 747 1024; x_wconf 88' lang='lat' dir='ltr'>quia</span> <span class='ocrx_word' id='word_1_47' title='bbox 762 942 950 1004; x_wconf 89' lang='lat' dir='ltr'>secundum</span> <span class='ocrx_word' id='word_1_48' title='bbox 966 942 1079 1003; x_wconf 92' lang='lat' dir='ltr'>condi·</span> 
     </span>
     <span class='ocr_line' id='line_1_8' title="bbox 116 1048 1079 1119; baseline -0.003 -7"><span class='ocrx_word' id='word_1_49' title='bbox 116 1053 231 1112; x_wconf 90' lang='lat' dir='ltr'>tiones</span> <span class='ocrx_word' id='word_1_50' title='bbox 255 1050 494 1119; x_wconf 87' lang='lat' dir='ltr'>individuales‚</span> <span class='ocrx_word' id='word_1_51' title='bbox 508 1050 778 1112; x_wconf 86' lang='lat' dir='ltr'>immaterialiter</span> <span class='ocrx_word' id='word_1_52' title='bbox 793 1058 907 1111; x_wconf 88' lang='lat' dir='ltr'>autem</span> <span class='ocrx_word' id='word_1_53' title='bbox 924 1050 958 1110; x_wconf 93' lang='lat' dir='ltr'>in</span> <span class='ocrx_word' id='word_1_54' title='bbox 982 1048 1079 1111; x_wconf 90' lang='lat' dir='ltr'>intel·</span> 
     </span>
     <span class='ocr_line' id='line_1_9' title="bbox 117 1156 1073 1236; baseline -0.004 -17"><span class='ocrx_word' id='word_1_55' title='bbox 117 1158 209 1220; x_wconf 88' lang='lat' dir='ltr'>lectu</span> <span class='ocrx_word' id='word_1_56' title='bbox 234 1168 287 1218; x_wconf 88' lang='lat' dir='ltr'>est</span> <span class='ocrx_word' id='word_1_57' title='bbox 320 1158 507 1219; x_wconf 89' lang='lat' dir='ltr'>secundum</span> <span class='ocrx_word' id='word_1_58' title='bbox 539 1157 789 1236; x_wconf 88' lang='lat' dir='ltr'>Philosophum</span> <span class='ocrx_word' id='word_1_59' title='bbox 810 1173 842 1232; x_wconf 81' lang='lat'>3.</span> <span class='ocrx_word' id='word_1_60' title='bbox 867 1157 919 1217; x_wconf 81' lang='lat' dir='ltr'>De</span> <span class='ocrx_word' id='word_1_61' title='bbox 943 1156 1073 1224; x_wconf 85' lang='lat' dir='ltr'>Anima,</span> 
     </span>
     <span class='ocr_line' id='line_1_10' title="bbox 116 1263 1081 1344; baseline -0.003 -19"><span class='ocrx_word' id='word_1_62' title='bbox 116 1266 201 1344; x_wconf 92' lang='lat' dir='ltr'>quia</span> <span class='ocrx_word' id='word_1_63' title='bbox 223 1283 345 1325; x_wconf 91' lang='lat' dir='ltr'>sensus</span> <span class='ocrx_word' id='word_1_64' title='bbox 379 1273 431 1324; x_wconf 89' lang='lat' dir='ltr'>est</span> <span class='ocrx_word' id='word_1_65' title='bbox 465 1265 660 1344; x_wconf 91' lang='lat' dir='ltr'>receptivus</span> <span class='ocrx_word' id='word_1_66' title='bbox 695 1264 885 1343; x_wconf 87' lang='lat' dir='ltr'>specierum</span> <span class='ocrx_word' id='word_1_67' title='bbox 910 1263 984 1323; x_wconf 93' lang='lat' dir='ltr'>sine</span> <span class='ocrx_word' id='word_1_68' title='bbox 1012 1280 1081 1323; x_wconf 91' lang='lat' dir='ltr'>ma·</span> 
     </span>
     <span class='ocr_line' id='line_1_11' title="bbox 117 1369 1077 1452; baseline -0.002 -20"><span class='ocrx_word' id='word_1_69' title='bbox 117 1372 214 1432; x_wconf 90' lang='lat' dir='ltr'>teria.</span> <span class='ocrx_word' id='word_1_70' title='bbox 227 1369 314 1433; x_wconf 88' lang='lat' dir='ltr'>Cum</span> <span class='ocrx_word' id='word_1_71' title='bbox 330 1389 414 1452; x_wconf 89' lang='lat' dir='ltr'>ergo</span> <span class='ocrx_word' id='word_1_72' title='bbox 430 1372 466 1431; x_wconf 92' lang='lat' dir='ltr'>in</span> <span class='ocrx_word' id='word_1_73' title='bbox 483 1371 596 1432; x_wconf 90' lang='lat' dir='ltr'>anima</span> <span class='ocrx_word' id='word_1_74' title='bbox 616 1379 774 1450; x_wconf 89' lang='lat' dir='ltr'>separata</span> <span class='ocrx_word' id='word_1_75' title='bbox 790 1387 858 1431; x_wconf 92' lang='lat' dir='ltr'>non</span> <span class='ocrx_word' id='word_1_76' title='bbox 882 1371 927 1430; x_wconf 90' lang='lat' dir='ltr'>sit</span> <span class='ocrx_word' id='word_1_77' title='bbox 944 1387 1077 1438; x_wconf 88' lang='lat' dir='ltr'>sensus,</span> 
     </span>
     <span class='ocr_line' id='line_1_12' title="bbox 117 1477 1079 1558; baseline -0.001 -20"><span class='ocrx_word' id='word_1_78' title='bbox 117 1480 275 1558; x_wconf 89' lang='lat' dir='ltr'>sequitur</span> <span class='ocrx_word' id='word_1_79' title='bbox 297 1478 389 1558; x_wconf 92' lang='lat' dir='ltr'>quod</span> <span class='ocrx_word' id='word_1_80' title='bbox 417 1478 617 1539; x_wconf 86' lang='lat' dir='ltr'>naturaliter</span> <span class='ocrx_word' id='word_1_81' title='bbox 652 1497 719 1538; x_wconf 93' lang='lat' dir='ltr'>non</span> <span class='ocrx_word' id='word_1_82' title='bbox 755 1485 869 1556; x_wconf 89' lang='lat' dir='ltr'>potest</span> <span class='ocrx_word' id='word_1_83' title='bbox 903 1477 1079 1556; x_wconf 88' lang='lat' dir='ltr'>acquirere</span> 
     </span>
     <span class='ocr_line' id='line_1_13' title="bbox 116 1581 1079 1666; baseline -0.003 -20"><span class='ocrx_word' id='word_1_84' title='bbox 116 1585 351 1666; x_wconf 85' lang='lat' dir='ltr'>cognitionem</span> <span class='ocrx_word' id='word_1_85' title='bbox 375 1582 518 1664; x_wconf 87' lang='lat' dir='ltr'>alicujus</span> <span class='ocrx_word' id='word_1_86' title='bbox 541 1585 638 1664; x_wconf 91' lang='lat' dir='ltr'>prius</span> <span class='ocrx_word' id='word_1_87' title='bbox 670 1585 790 1665; x_wconf 84' lang='lat' dir='ltr'>ignoti.</span> <span class='ocrx_word' id='word_1_88' title='bbox 817 1581 854 1645; x_wconf 87' lang='lat' dir='ltr'>Si</span> <span class='ocrx_word' id='word_1_89' title='bbox 879 1601 964 1664; x_wconf 87' lang='lat' dir='ltr'>ergo</span> <span class='ocrx_word' id='word_1_90' title='bbox 986 1601 1079 1663; x_wconf 82' lang='lat' dir='ltr'>quae·</span> 
     </span>
     <span class='ocr_line' id='line_1_14' title="bbox 117 1690 1079 1774; baseline -0.002 -22"><span class='ocrx_word' id='word_1_91' title='bbox 117 1700 213 1752; x_wconf 87' lang='lat' dir='ltr'>ratur</span> <span class='ocrx_word' id='word_1_92' title='bbox 236 1691 279 1751; x_wconf 90' lang='lat' dir='ltr'>ab</span> <span class='ocrx_word' id='word_1_93' title='bbox 314 1692 391 1751; x_wconf 92' lang='lat' dir='ltr'>istis</span> <span class='ocrx_word' id='word_1_94' title='bbox 425 1691 589 1774; x_wconf 80' lang='lat' dir='ltr'>quaestio:</span> <span class='ocrx_word' id='word_1_95' title='bbox 624 1698 739 1770; x_wconf 89' lang='lat' dir='ltr'>potest</span> <span class='ocrx_word' id='word_1_96' title='bbox 773 1690 887 1751; x_wconf 88' lang='lat' dir='ltr'>anima</span> <span class='ocrx_word' id='word_1_97' title='bbox 920 1697 1079 1768; x_wconf 85' lang='lat' dir='ltr'>separata</span> 
     </span>
     <span class='ocr_line' id='line_1_15' title="bbox 117 1796 1079 1878; baseline 0 -20"><span class='ocrx_word' id='word_1_98' title='bbox 117 1797 243 1858; x_wconf 90' lang='lat' dir='ltr'>habere</span> <span class='ocrx_word' id='word_1_99' title='bbox 267 1797 499 1878; x_wconf 87' lang='lat' dir='ltr'>cognitionem</span> <span class='ocrx_word' id='word_1_100' title='bbox 522 1796 667 1877; x_wconf 88' lang='lat' dir='ltr'>alicujus</span> <span class='ocrx_word' id='word_1_101' title='bbox 691 1797 787 1876; x_wconf 91' lang='lat' dir='ltr'>prius</span> <span class='ocrx_word' id='word_1_102' title='bbox 814 1797 935 1877; x_wconf 85' lang='lat' dir='ltr'>ignoti,</span> <span class='ocrx_word' id='word_1_103' title='bbox 960 1796 1079 1858; x_wconf 89' lang='lat' dir='ltr'>dicunt</span> 
     </span>
     <span class='ocr_line' id='line_1_16' title="bbox 117 1903 1079 1984; baseline -0.001 -20"><span class='ocrx_word' id='word_1_104' title='bbox 117 1905 212 1984; x_wconf 91' lang='lat' dir='ltr'>quod</span> <span class='ocrx_word' id='word_1_105' title='bbox 234 1904 300 1965; x_wconf 89' lang='lat' dir='ltr'>hoc</span> <span class='ocrx_word' id='word_1_106' title='bbox 323 1923 391 1965; x_wconf 91' lang='lat' dir='ltr'>non</span> <span class='ocrx_word' id='word_1_107' title='bbox 422 1912 476 1965; x_wconf 89' lang='lat' dir='ltr'>est</span> <span class='ocrx_word' id='word_1_108' title='bbox 508 1922 570 1984; x_wconf 92' lang='lat' dir='ltr'>per</span> <span class='ocrx_word' id='word_1_109' title='bbox 603 1904 678 1983; x_wconf 89' lang='lat' dir='ltr'>ejus</span> <span class='ocrx_word' id='word_1_110' title='bbox 711 1904 982 1984; x_wconf 88' lang='lat' dir='ltr'>acquisitionem,</span> <span class='ocrx_word' id='word_1_111' title='bbox 1018 1903 1079 1964; x_wconf 90' lang='lat' dir='ltr'>sed</span> 
     </span>
     <span class='ocr_line' id='line_1_17' title="bbox 118 2007 1077 2090; baseline 0 -20"><span class='ocrx_word' id='word_1_112' title='bbox 118 2029 180 2089; x_wconf 89' lang='lat' dir='ltr'>per</span> <span class='ocrx_word' id='word_1_113' title='bbox 207 2012 339 2090; x_wconf 91' lang='lat' dir='ltr'>species</span> <span class='ocrx_word' id='word_1_114' title='bbox 374 2007 505 2072; x_wconf 86' lang='lat' dir='ltr'>infusas</span> <span class='ocrx_word' id='word_1_115' title='bbox 540 2030 560 2070; x_wconf 95' lang='lat' dir='ltr'>a</span> <span class='ocrx_word' id='word_1_116' title='bbox 593 2011 797 2071; x_wconf 89' lang='lat' dir='ltr'>substantiis</span> <span class='ocrx_word' id='word_1_117' title='bbox 832 2010 1077 2089; x_wconf 69' lang='lat' dir='ltr'>superioribus</span> 
     </span>
     <span class='ocr_line' id='line_1_18' title="bbox 118 2116 1080 2199; baseline -0.001 -21"><span class='ocrx_word' id='word_1_118' title='bbox 118 2118 281 2179; x_wconf 89' lang='lat' dir='ltr'>videlicet</span> <span class='ocrx_word' id='word_1_119' title='bbox 303 2137 324 2178; x_wconf 88' lang='lat' dir='ltr'>a</span> <span class='ocrx_word' id='word_1_120' title='bbox 348 2116 423 2178; x_wconf 91' lang='lat' dir='ltr'>Deo</span> <span class='ocrx_word' id='word_1_121' title='bbox 446 2116 504 2178; x_wconf 87' lang='lat' dir='ltr'>vel</span> <span class='ocrx_word' id='word_1_122' title='bbox 527 2117 686 2199; x_wconf 87' lang='lat' dir='ltr'>Angelis.</span> <span class='ocrx_word' id='word_1_123' title='bbox 707 2116 810 2197; x_wconf 88' lang='lat' dir='ltr'>Cujus</span> <span class='ocrx_word' id='word_1_124' title='bbox 826 2118 913 2178; x_wconf 88' lang='lat' dir='ltr'>ratio</span> <span class='ocrx_word' id='word_1_125' title='bbox 929 2126 982 2178; x_wconf 91' lang='lat' dir='ltr'>est</span> <span class='ocrx_word' id='word_1_126' title='bbox 997 2118 1080 2197; x_wconf 91' lang='lat' dir='ltr'>quia</span> 
     </span>
     <span class='ocr_line' id='line_1_19' title="bbox 119 2223 1080 2286; baseline 0 -2"><span class='ocrx_word' id='word_1_127' title='bbox 119 2224 313 2286; x_wconf 89' lang='lat' dir='ltr'>intellectus</span> <span class='ocrx_word' id='word_1_128' title='bbox 336 2235 453 2285; x_wconf 90' lang='lat' dir='ltr'>noster</span> <span class='ocrx_word' id='word_1_129' title='bbox 475 2224 611 2286; x_wconf 89' lang='lat' dir='ltr'>videtur</span> <span class='ocrx_word' id='word_1_130' title='bbox 634 2244 710 2286; x_wconf 89' lang='lat' dir='ltr'>esse</span> <span class='ocrx_word' id='word_1_131' title='bbox 731 2224 864 2285; x_wconf 90' lang='lat' dir='ltr'>medius</span> <span class='ocrx_word' id='word_1_132' title='bbox 880 2226 968 2285; x_wconf 91' lang='lat' dir='ltr'>inter</span> <span class='ocrx_word' id='word_1_133' title='bbox 984 2223 1080 2285; x_wconf 92' lang='lat' dir='ltr'>subs-</span> 
     </span>
     <span class='ocr_line' id='line_1_20' title="bbox 119 2330 1080 2411; baseline 0 -20"><span class='ocrx_word' id='word_1_134' title='bbox 119 2331 246 2391; x_wconf 88' lang='lat' dir='ltr'>tantias</span> <span class='ocrx_word' id='word_1_135' title='bbox 269 2330 516 2392; x_wconf 87' lang='lat' dir='ltr'>intellectuales</span> <span class='ocrx_word' id='word_1_136' title='bbox 540 2340 574 2391; x_wconf 89' lang='lat' dir='ltr'>et</span> <span class='ocrx_word' id='word_1_137' title='bbox 596 2350 651 2392; x_wconf 89' lang='lat' dir='ltr'>res</span> <span class='ocrx_word' id='word_1_138' title='bbox 667 2330 875 2411; x_wconf 89' lang='lat' dir='ltr'>corporales;</span> <span class='ocrx_word' id='word_1_139' title='bbox 900 2348 1000 2391; x_wconf 90' lang='lat' dir='ltr'>omne</span> <span class='ocrx_word' id='word_1_140' title='bbox 1023 2349 1080 2391; x_wconf 88' lang='lat' dir='ltr'>au-</span> 
     </span>
     <span class='ocr_line' id='line_1_21' title="bbox 119 2437 1080 2517; baseline 0 -20"><span class='ocrx_word' id='word_1_141' title='bbox 119 2446 188 2498; x_wconf 91' lang='lat' dir='ltr'>tem</span> <span class='ocrx_word' id='word_1_142' title='bbox 211 2437 360 2497; x_wconf 89' lang='lat' dir='ltr'>medium</span> <span class='ocrx_word' id='word_1_143' title='bbox 385 2439 587 2517; x_wconf 88' lang='lat' dir='ltr'>inquantum</span> <span class='ocrx_word' id='word_1_144' title='bbox 611 2438 864 2517; x_wconf 88' lang='lat' dir='ltr'>appropinquat</span> <span class='ocrx_word' id='word_1_145' title='bbox 887 2438 945 2497; x_wconf 93' lang='lat' dir='ltr'>uni</span> <span class='ocrx_word' id='word_1_146' title='bbox 970 2446 1080 2497; x_wconf 83' lang='lat' dir='ltr'>extre·</span> 
     </span>
     <span class='ocr_line' id='line_1_22' title="bbox 118 2544 1127 2625; baseline 0 -22"><span class='ocrx_word' id='word_1_147' title='bbox 118 2562 263 2613; x_wconf 86' lang='lat' dir='ltr'>morum,</span> <span class='ocrx_word' id='word_1_148' title='bbox 288 2553 383 2605; x_wconf 90' lang='lat' dir='ltr'>tanto</span> <span class='ocrx_word' id='word_1_149' title='bbox 406 2545 518 2625; x_wconf 85' lang='lat' dir='ltr'>magis</span> <span class='ocrx_word' id='word_1_150' title='bbox 542 2544 670 2605; x_wconf 88' lang='lat' dir='ltr'>recedit</span> <span class='ocrx_word' id='word_1_151' title='bbox 693 2544 735 2604; x_wconf 89' lang='lat' dir='ltr'>ab</span> <span class='ocrx_word' id='word_1_152' title='bbox 759 2544 837 2614; x_wconf 84' lang='lat' dir='ltr'>alie,</span> <span class='ocrx_word' id='word_1_153' title='bbox 851 2554 884 2605; x_wconf 89' lang='lat' dir='ltr'>et</span> <span class='ocrx_word' id='word_1_154' title='bbox 908 2562 926 2603; x_wconf 90' lang='lat' dir='ltr'>e</span> <span class='ocrx_word' id='word_1_155' title='bbox 950 2552 1080 2604; x_wconf 91' lang='lat' dir='ltr'>contra·</span> <span class='ocrx_word' id='word_1_156' title='bbox 1122 2544 1127 2559; x_wconf 89' lang='grc'><em>“</em></span> 
     </span>
     <span class='ocr_line' id='line_1_23' title="bbox 116 2650 1079 2731; baseline 0 -21"><span class='ocrx_word' id='word_1_157' title='bbox 116 2651 190 2721; x_wconf 88' lang='lat' dir='ltr'>ri0;</span> <span class='ocrx_word' id='word_1_158' title='bbox 216 2651 324 2730; x_wconf 82' lang='lat' dir='ltr'>igitur</span> <span class='ocrx_word' id='word_1_159' title='bbox 347 2650 541 2711; x_wconf 89' lang='lat' dir='ltr'>intellectus</span> <span class='ocrx_word' id='word_1_160' title='bbox 565 2662 682 2712; x_wconf 90' lang='lat' dir='ltr'>noster</span> <span class='ocrx_word' id='word_1_161' title='bbox 704 2659 833 2731; x_wconf 91' lang='lat' dir='ltr'>quanto</span> <span class='ocrx_word' id='word_1_162' title='bbox 849 2650 928 2730; x_wconf 93' lang='lat' dir='ltr'>plus</span> <span class='ocrx_word' id='word_1_163' title='bbox 951 2650 1079 2711; x_wconf 89' lang='lat' dir='ltr'>recedit</span> 
     </span>
     <span class='ocr_line' id='line_1_24' title="bbox 117 2756 1079 2837; baseline 0.001 -20"><span class='ocrx_word' id='word_1_164' title='bbox 117 2776 140 2817; x_wconf 94' lang='lat' dir='ltr'>a</span> <span class='ocrx_word' id='word_1_165' title='bbox 162 2756 392 2826; x_wconf 88' lang='lat' dir='ltr'>sensibilibus,</span> <span class='ocrx_word' id='word_1_166' title='bbox 417 2765 512 2818; x_wconf 90' lang='lat' dir='ltr'>tanto</span> <span class='ocrx_word' id='word_1_167' title='bbox 535 2757 614 2837; x_wconf 93' lang='lat' dir='ltr'>plus</span> <span class='ocrx_word' id='word_1_168' title='bbox 637 2758 890 2837; x_wconf 91' lang='lat' dir='ltr'>appropinquat</span> <span class='ocrx_word' id='word_1_169' title='bbox 924 2758 1079 2818; x_wconf 86' lang='lat' dir='ltr'>substan·</span> 
     </span>
     <span class='ocr_line' id='line_1_25' title="bbox 117 2860 1076 2949; baseline -0.001 -25"><span class='ocrx_word' id='word_1_170' title='bbox 117 2864 186 2925; x_wconf 89' lang='lat' dir='ltr'>tias</span> <span class='ocrx_word' id='word_1_171' title='bbox 208 2862 468 2932; x_wconf 85' lang='lat' dir='ltr'>intellectuales,</span> <span class='ocrx_word' id='word_1_172' title='bbox 493 2872 527 2923; x_wconf 89' lang='lat' dir='ltr'>et</span> <span class='ocrx_word' id='word_1_173' title='bbox 550 2881 569 2924; x_wconf 90' lang='lat' dir='ltr'>e</span> <span class='ocrx_word' id='word_1_174' title='bbox 591 2865 771 2949; x_wconf 85' lang='lat' dir='ltr'>contrario.</span> <span class='ocrx_word' id='word_1_175' title='bbox 791 2860 861 2924; x_wconf 90' lang='lat' dir='ltr'>Sed</span> <span class='ocrx_word' id='word_1_176' title='bbox 880 2862 1076 2923; x_wconf 89' lang='lat' dir='ltr'>intellectus</span> 
     </span>
     <span class='ocr_line' id='line_1_26' title="bbox 119 2968 1080 3049; baseline 0 -20"><span class='ocrx_word' id='word_1_177' title='bbox 119 2977 236 3030; x_wconf 91' lang='lat' dir='ltr'>noster</span> <span class='ocrx_word' id='word_1_178' title='bbox 258 2971 412 3031; x_wconf 90' lang='lat' dir='ltr'>existens</span> <span class='ocrx_word' id='word_1_179' title='bbox 436 2971 470 3029; x_wconf 94' lang='lat' dir='ltr'>in</span> <span class='ocrx_word' id='word_1_180' title='bbox 494 2987 645 3049; x_wconf 91' lang='lat' dir='ltr'>corpore,</span> <span class='ocrx_word' id='word_1_181' title='bbox 670 2971 752 3049; x_wconf 91' lang='lat' dir='ltr'>quia</span> <span class='ocrx_word' id='word_1_182' title='bbox 774 2969 902 3030; x_wconf 90' lang='lat' dir='ltr'>recedit</span> <span class='ocrx_word' id='word_1_183' title='bbox 924 2970 967 3029; x_wconf 95' lang='lat' dir='ltr'>ab</span> <span class='ocrx_word' id='word_1_184' title='bbox 984 2968 1080 3030; x_wconf 91' lang='lat' dir='ltr'>intel-</span> 
     </span>
     <span class='ocr_line' id='line_1_27' title="bbox 117 3075 1076 3156; baseline 0 -21"><span class='ocrx_word' id='word_1_185' title='bbox 117 3075 312 3156; x_wconf 83' lang='lat' dir='ltr'>ligibilibus</span> <span class='ocrx_word' id='word_1_186' title='bbox 334 3077 455 3156; x_wconf 90' lang='lat' dir='ltr'>recipit</span> <span class='ocrx_word' id='word_1_187' title='bbox 478 3076 611 3155; x_wconf 87' lang='lat' dir='ltr'>species</span> <span class='ocrx_word' id='word_1_188' title='bbox 633 3094 678 3141; x_wconf 85' lang='lat' dir='ltr'>ex</span> <span class='ocrx_word' id='word_1_189' title='bbox 706 3076 808 3137; x_wconf 92' lang='lat' dir='ltr'>rebus</span> <span class='ocrx_word' id='word_1_190' title='bbox 836 3075 1076 3147; x_wconf 87' lang='lat' dir='ltr'>sensibilibus;</span> 
     </span>
     <span class='ocr_line' id='line_1_28' title="bbox 119 3182 1079 3263; baseline -0.001 -20"><span class='ocrx_word' id='word_1_191' title='bbox 119 3183 227 3263; x_wconf 85' lang='lat' dir='ltr'>igitur</span> <span class='ocrx_word' id='word_1_192' title='bbox 249 3182 443 3244; x_wconf 88' lang='lat' dir='ltr'>intellectus</span> <span class='ocrx_word' id='word_1_193' title='bbox 462 3191 650 3262; x_wconf 87' lang='lat' dir='ltr'>separatus,</span> <span class='ocrx_word' id='word_1_194' title='bbox 676 3184 757 3263; x_wconf 90' lang='lat' dir='ltr'>quia</span> <span class='ocrx_word' id='word_1_195' title='bbox 779 3183 907 3243; x_wconf 89' lang='lat' dir='ltr'>recedit</span> <span class='ocrx_word' id='word_1_196' title='bbox 930 3202 950 3243; x_wconf 97' lang='lat' dir='ltr'>a</span> <span class='ocrx_word' id='word_1_197' title='bbox 973 3184 1079 3243; x_wconf 90' lang='lat' dir='ltr'>sensi·</span> 
     </span>
     <span class='ocr_line' id='line_1_29' title="bbox 117 3287 1080 3371; baseline 0 -22"><span class='ocrx_word' id='word_1_198' title='bbox 117 3287 246 3349; x_wconf 86' lang='lat' dir='ltr'>bilibus</span> <span class='ocrx_word' id='word_1_199' title='bbox 280 3291 421 3369; x_wconf 89' lang='lat' dir='ltr'>recipiet</span> <span class='ocrx_word' id='word_1_200' title='bbox 452 3290 584 3369; x_wconf 90' lang='lat' dir='ltr'>species</span> <span class='ocrx_word' id='word_1_201' title='bbox 617 3308 638 3350; x_wconf 87' lang='lat' dir='ltr'>a</span> <span class='ocrx_word' id='word_1_202' title='bbox 676 3290 878 3351; x_wconf 86' lang='lat' dir='ltr'>substantiis</span> <span class='ocrx_word' id='word_1_203' title='bbox 917 3289 1080 3371; x_wconf 83' lang='lat' dir='ltr'>intelligi·</span> 
     </span>
     <span class='ocr_line' id='line_1_30' title="bbox 117 3395 257 3457; baseline 0 -1"><span class='ocrx_word' id='word_1_204' title='bbox 117 3395 257 3457; x_wconf 90' lang='lat' dir='ltr'>bilibus.</span> 
     </span>
    </p>

    <p class='ocr_par' dir='ltr' id='par_1_3' title="bbox 116 3502 1077 3689">
     <span class='ocr_line' id='line_1_31' title="bbox 213 3502 1077 3583; baseline 0.003 -22"><span class='ocrx_word' id='word_1_205' title='bbox 213 3502 337 3562; x_wconf 79' lang='lat' dir='ltr'>Contra.</span> <span class='ocrx_word' id='word_1_206' title='bbox 363 3502 547 3564; x_wconf 88' lang='lat' dir='ltr'>Pluralitas</span> <span class='ocrx_word' id='word_1_207' title='bbox 570 3521 638 3563; x_wconf 92' lang='lat' dir='ltr'>non</span> <span class='ocrx_word' id='word_1_208' title='bbox 662 3512 716 3564; x_wconf 90' lang='lat' dir='ltr'>est</span> <span class='ocrx_word' id='word_1_209' title='bbox 741 3503 900 3583; x_wconf 89' lang='lat' dir='ltr'>ponenda</span> <span class='ocrx_word' id='word_1_210' title='bbox 923 3504 998 3564; x_wconf 90' lang='lat' dir='ltr'>sine</span> <span class='ocrx_word' id='word_1_211' title='bbox 1022 3521 1077 3564; x_wconf 90' lang='lat' dir='ltr'>ne·</span> 
     </span>
     <span class='ocr_line' id='line_1_32' title="bbox 116 3607 1077 3689; baseline 0.002 -20"><span class='ocrx_word' id='word_1_212' title='bbox 116 3610 298 3681; x_wconf 89' lang='lat' dir='ltr'>cessitate;</span> <span class='ocrx_word' id='word_1_213' title='bbox 323 3609 384 3670; x_wconf 91' lang='lat' dir='ltr'>sed</span> <span class='ocrx_word' id='word_1_214' title='bbox 407 3611 540 3689; x_wconf 87' lang='lat' dir='ltr'>species</span> <span class='ocrx_word' id='word_1_215' title='bbox 562 3610 640 3671; x_wconf 85' lang='lat' dir='ltr'>istae</span> <span class='ocrx_word' id='word_1_216' title='bbox 665 3607 788 3670; x_wconf 83' lang='lat' dir='ltr'>iniusae</span> <span class='ocrx_word' id='word_1_217' title='bbox 813 3628 833 3670; x_wconf 89' lang='lat' dir='ltr'>a</span> <span class='ocrx_word' id='word_1_218' title='bbox 856 3609 931 3671; x_wconf 89' lang='lat' dir='ltr'>Deo</span> <span class='ocrx_word' id='word_1_219' title='bbox 948 3609 1003 3670; x_wconf 91' lang='lat' dir='ltr'>vel</span> <span class='ocrx_word' id='word_1_220' title='bbox 1021 3628 1077 3671; x_wconf 87' lang='lat' dir='ltr'>an·</span> 
     </span>
    </p>
   </div>
   <div class='ocr_carea' id='block_1_3' title="bbox 0 0 1309 4200">
    <p class='ocr_par' dir='ltr' id='par_1_4' title="bbox 0 0 1309 4200">
     <span class='ocr_line' id='line_1_33' title="bbox 0 0 1309 4200; baseline 0 0"><span class='ocrx_word' id='word_1_221' title='bbox 0 0 1309 4200; x_wconf 95' lang='lat' dir='ltr'> </span> 
     </span>
    </p>
   </div>
  </div>
 </body>
</html>
