2600 4200
381 231 571 296 D1srnrcs.
597 231 630 292 V
655 231 808 312 QUAEST.
834 231 850 294 I
1056 237 1097 312 63

157 337 1085 350 nnnnnnnnnnnnnnnnnnnnnnnnnnnnnnnnnnnnnnnnnnnnnnnnnnnnnnnnnnnnnnnnnnnnnnnnnnnnnnnnnnnnnnnnnnnnnnnnnnnnnnnnnnnnnnnnnnnn
1086 338 1124 350 Μ

158 419 192 472 et
207 411 291 488 Joan
312 430 356 488 3„
386 429 447 472 nec
470 419 523 472 est
539 411 585 474 ibi
603 411 749 491 alicujus
764 429 922 491 personae
938 413 1118 492 exceptio;

157 536 251 598 ergo.

247 623 416 692 Proeterea,
444 625 588 706 quilibet
612 625 724 686 viator
747 633 883 687 tenetur
908 643 984 687 esse
1015 643 1118 686 mem·

157 728 256 791 brum
279 730 460 792 militantis
491 729 657 794 Ecclesiae
687 750 757 794 non
787 732 900 793 solum
931 733 967 793 in
998 733 1122 793 notitia

157 836 285 906 divina,
310 837 371 898 sed
394 839 496 900 etiam
521 839 556 899 in
580 839 705 899 notitia
726 839 837 919 ipsius
852 835 1037 910 Ecclesiae;
1059 838 1121 900 sed

156 943 306 1022 primum
345 941 603 1006 fundamentum
643 944 734 1007 unde
772 945 851 1025 quis
885 943 1010 1006 dicitur
1043 964 1121 1006 esse

156 1049 347 1112 membrum
386 1050 566 1113 militantis
604 1049 771 1113 Ecclesiae
810 1060 863 1113 est
896 1051 1119 1132 Baptismus;

157 1157 275 1240 igitur.

254 1263 371 1324 Ultimo
395 1265 465 1326 sic:
492 1266 550 1344 qui
585 1275 701 1345 potest
735 1284 781 1325 ex
814 1262 906 1325 facili
941 1273 1018 1327 actu
1053 1284 1122 1327 ma·

156 1387 263 1451 gnam
287 1357 434 1451 gratiam
462 1373 647 1452 acquirere,
664 1378 698 1432 et
715 1372 864 1452 negligit
880 1380 993 1433 actum
1011 1372 1119 1444 illurn,

157 1475 295 1538 videtur
318 1479 463 1558 gratiam
488 1487 715 1545 contemnere,
743 1476 799 1538 vel
830 1476 951 1539 saltem
983 1479 1122 1541 videtur

157 1581 254 1644 illam
277 1601 345 1644 non
369 1583 557 1665 appreciari
582 1594 711 1663 quanta
734 1585 810 1663 ipsa
832 1593 885 1644 est
912 1585 1121 1664 appreciabi-

157 1688 221 1760 lis;
246 1687 308 1750 sed
331 1688 389 1752 ille
423 1691 481 1770 qui
516 1709 584 1752 non
619 1699 672 1752 est
710 1689 904 1770 baptizatus
941 1699 1121 1771 quantum·

155 1813 293 1876 cunque
316 1797 361 1857 sit
380 1793 596 1877 justificatus,
621 1802 736 1877 potest
758 1814 820 1877 per
843 1803 957 1858 actum
973 1795 1119 1867 facilem,

156 1903 247 1964 sicut
270 1910 323 1964 est
347 1902 556 1983 Baptismus,
582 1922 744 1985 magnam
768 1905 916 1985 gratiam
932 1905 1119 1984 acquirere,

156 2009 239 2088 quia
262 2018 563 2091 quantumcunque
587 2008 738 2090 perlecto
762 2009 805 2071 de
836 2009 915 2091 lege
945 2012 1116 2073 communi

155 2114 340 2178 accedente
370 2117 413 2178 ad
445 2117 661 2197 Baptismum
693 2126 840 2199 augetur
870 2119 992 2199 gratia,
1024 2127 1059 2179 et
1089 2120 1118 2180 si

154 2222 352 2303 hujusmodi
372 2221 580 2303 justificatus
599 2225 649 2287 sic
666 2224 870 2305 neglexerit,
888 2224 1024 2287 videtur
1043 2244 1121 2305 gra·

155 2332 240 2391 tiam
264 2340 491 2391 contemnere.

246 2541 311 2605 De
332 2542 510 2607 secundo
532 2540 738 2619 Articuli),
761 2544 887 2605 dicitur
914 2564 983 2605 uno
1015 2544 1117 2606 modo

153 2648 250 2729 quod
284 2648 327 2709 ad
361 2648 578 2729 Baptismum
613 2650 741 2730 triplex
776 2646 918 2712 effectus
952 2653 1117 2732 sequitur,

154 2755 288 2817 seilicet
310 2756 499 2815 characteris
522 2758 693 2833 impressio,
721 2760 839 2835 gratiae
865 2757 993 2834 infusio,
1021 2764 1053 2817 el
1063 2758 1120 2833 so·

153 2863 243 2921 mitis
265 2863 442 2939 represszo:
465 2862 526 2923 sed
549 2872 684 2924 constat
707 2864 799 2943 quod
826 2866 861 2925 in
888 2866 1048 2926 omnibus
1062 2864 1119 2926 ba·

154 2968 294 3048 ptizatis
317 2987 385 3030 non
409 2988 508 3049 aeque
532 2971 717 3031 remittitur
747 2968 876 3043 fomes;
910 2973 1018 3053 igitur
1048 2990 1117 3033 non

153 3094 276 3137 omnes
313 3076 490 3156 aequaliter
523 3078 693 3157 recipiunt
725 3077 921 3158 hujusmodi
959 3076 1117 3139 effectum

153 3181 336 3262 Baptismi.

245 3286 316 3351 Sed
340 3288 424 3351 illud
448 3290 586 3359 dictum,
611 3290 704 3371 quod
727 3287 836 3351 lomes
860 3292 989 3371 peccati
1006 3292 1118 3352 remit-

152 3398 239 3457 titur
263 3396 296 3457 in
326 3395 515 3476 BaptismO,
532 3380 646 3477 potest
662 3396 843 3477 dupliciter
859 3396 1028 3477 intelligi:
1047 3416 1115 3457 uno

152 3503 257 3565 modo
280 3501 479 3572 formaliter,
503 3502 570 3565 alio
597 3503 700 3565 modo
716 3513 881 3584 quantum
898 3503 941 3563 ad
957 3501 1114 3564 effectum

150 3608 285 3673 fomitis
309 3612 367 3689 qui
392 3618 444 3671 est
472 3609 634 3672 inclinare
651 3612 798 3671 animam
815 3610 1029 3689 conjunctam
1046 3629 1118 3671 cor-
