2600 4200
242 235 431 297 Drstmcr.
450 234 577 295 XVIII
595 248 640 295 ar
659 232 752 295 XIX
770 232 921 314 Quasi.
940 234 956 295 Ι
1014 254 1070 295 221

137 423 200 481 est,
226 412 356 474 scilicet
379 412 613 493 principaliter
625 423 663 473 ut
679 414 713 473 in
732 412 816 481 De0‚
834 412 1041 475 excellenter
1059 424 1097 474 ut

138 522 173 581 in
197 518 344 588 Christo,
369 519 637 581 ministerialiter
676 529 714 581 ut
749 522 783 581 in
819 517 1013 581 Sacerdote.
1039 518 1098 581 Sic

137 636 291 707 potestas
306 627 507 703 cognoscendi
520 626 755 706 principaliter
771 635 824 687 est
840 628 874 686 in
891 624 976 695 Deo,
990 626 1100 687 excel-

137 734 247 795 lenter
271 735 304 794 in
329 732 476 803 Christo,
501 733 769 795 ministerialiter
793 734 827 793 in
845 730 1040 795 Sacerdote.
1057 768 1097 776 —

137 839 185 902 Et
207 840 299 920 quod
323 842 358 901 in
382 838 567 901 Sacerdote
591 841 636 901 sit
659 841 726 901 ista
749 848 901 919 potestas
925 840 1097 919 probatur:

137 945 343 1027 Quicunque
366 947 469 1007 habet
491 947 679 1027 potentiam
697 946 926 1007 sententiandi
948 945 1098 1026 aliquam

137 1072 286 1123 causam,
311 1053 413 1114 habet
445 1054 633 1132 potentiam
669 1052 882 1114 discernendi
914 1054 949 1113 in
980 1053 1097 1114 eadem

136 1178 251 1229 causa,
276 1160 399 1239 loquor
421 1159 464 1221 de
490 1161 663 1221 communi
700 1158 799 1240 lege;
835 1158 896 1221 sed
931 1157 1099 1221 Sacerdos

77 1319 80 1324 ,
137 1267 241 1328 habet
264 1268 451 1347 potentiam
484 1267 714 1327 sententiandi
750 1268 784 1327 in
818 1284 923 1327 causa
956 1268 1096 1347 peccati,

136 1393 180 1433 ex
196 1374 331 1451 praeced.
357 1375 457 1433 Artic.
471 1395 484 1439 ,·
507 1391 592 1454 ergo
616 1372 719 1433 habet
752 1374 940 1452 potentiam
974 1391 1100 1455 cogno-

137 1481 254 1542 scendi
278 1480 321 1540 de
355 1480 472 1540 eadem
507 1499 620 1540 causa.
646 1516 687 1538 τ
723 1477 792 1542 Sed
826 1480 977 1541 diceres:
1014 1480 1098 1559 quid

136 1596 191 1648 est
214 1589 280 1648 ista
302 1587 412 1648 clavis
427 1587 657 1668 cognoscendi
675 1587 730 1647 vel
748 1588 911 1648 scientiae.
929 1584 1099 1668 Magister

136 1694 221 1756 dicit
244 1697 277 1753 in
301 1696 402 1761 litera,
431 1693 523 1773 quod
546 1703 599 1754 est
631 1692 746 1772 aliqua
779 1694 922 1755 scientia
955 1693 1100 1754 actualis

137 1801 194 1862 vel
217 1800 412 1869 habitualis,
441 1811 500 1865 aut
534 1800 695 1862 discretio
729 1800 897 1880 quaedam,
933 1809 971 1860 ut
1004 1809 1099 1879 patet

136 1928 165 1968 r.
190 1930 214 1967 c.
239 1909 308 1967 dist.
333 1926 382 1982 19.
407 1904 477 1968 Sed
501 1906 578 1967 aliis
605 1907 741 1967 videtur
775 1908 981 1987 oppositum,
1007 1906 1099 1987 quod

138 2016 227 2076 sicut
249 2023 403 2093 potestas
426 2013 601 2093 judicandi
637 2033 705 2074 non
741 2022 794 2074 est
823 2013 968 2093 justitia,
993 2014 1098 2074 immo

129 2132 252 2202 *potest
274 2141 350 2182 esse
374 2123 448 2183 sine
467 2121 612 2200 justitia,
638 2121 686 2181 ita
708 2130 861 2201 potestas
885 2120 1097 2202 cognosendi

137 2248 206 2289 non
230 2238 283 2289 est
307 2229 458 2296 scientia,
484 2228 589 2288 immo
613 2236 666 2288 est
690 2230 764 2287 sine
776 2227 918 2288 scientia
942 2229 1032 2287 sicut
1055 2227 1098 2287 de

137 2333 228 2396 lacto
253 2337 287 2395 in
311 2334 429 2395 multis
452 2334 553 2394 hodie
578 2332 835 2405 Sacerdotibus;
853 2334 943 2394 unde
961 2336 1027 2394 ista
1042 2353 1100 2414 po-

138 2450 245 2503 testas
262 2460 329 2501 non
346 2441 429 2501 dicit
444 2440 610 2510 habitum,
629 2441 688 2500 sed
706 2437 853 2500 officium
871 2440 1096 2501 discernendi.

137 2545 210 2609 Ista
232 2546 297 2608 luit
319 2550 437 2627 opinio
454 2547 673 2627 Praepositivi
692 2565 794 2627 quam
812 2546 913 2608 hodic
930 2547 1098 2608 Doctores

137 2656 363 2715 communiter
387 2658 585 2734 sequuntur.

227 2868 291 2929 De
314 2867 437 2929 tenio
460 2865 653 2929 At’tieulo
681 2867 799 2927 dicunt
834 2867 971 2946 quidam
1006 2867 1098 2946 quod

137 2977 215 3035 istae
239 2975 355 3034 claves
378 2983 458 3034 sunt
482 2974 571 3035 idem
606 2992 683 3034 cum
719 2973 912 3034 charactere
947 2973 1099 3033 sacerdo·

137 3081 208 3150 tali,
233 3091 268 3142 et
291 3091 372 3141 tunc
395 3089 486 3142 esset
509 3078 609 3142 facile
632 3080 749 3141 videre
783 3081 954 3159 quomodo
989 3079 1099 3140 confe-

137 3196 259 3248 runtur
297 3188 436 3248 cuilibet
472 3186 648 3248 Sacerdoti
685 3188 719 3247 in
754 3187 828 3266 ejus
852 3187 971 3247 ordine
1010 3188 1099 3247 sicut

136 3294 360 3355 characteres

227 3399 297 3462 Sed
319 3410 439 3462 contra
461 3401 526 3461 hoc
550 3402 707 3482 arguitur
731 3402 801 3460 sic:
830 3399 904 3460 Illae
929 3411 1009 3460 sunt
1033 3400 1098 3460 dis·

138 3510 256 3568 tinctae
280 3517 469 3587 potestates
492 3527 636 3587 quarum
664 3527 732 3568 una
767 3517 880 3586 potest
914 3526 989 3567 esse
1024 3508 1098 3566 sine

137 3614 226 3684 alia;
252 3615 312 3675 sed
334 3625 488 3694 potestas
511 3613 713 3675 conficiendi
730 3613 862 3693 Corpus
880 3612 1005 3675 Christi
1024 3615 1098 3674 sive
