2600 4200
372 233 559 293 D1srmcr.
587 230 656 291 VII
682 222 833 311 QuAEsT.
859 230 893 292 II
1064 235 1106 309 89

523 530 706 612 QuAEsTm
730 531 774 593 11.

260 677 315 735 Ad
334 676 498 735 secundam
527 675 735 749 Quoeslionem
760 677 803 734 sic
828 675 1033 752 proceditur:

255 834 401 896 Videtur
425 835 516 915 quod
541 837 575 896 in
600 833 823 896 Sacramento
847 833 1126 918 Confirmationis

165 962 232 1003 non
257 940 452 1003 conferatur
475 943 588 1022 gratia
611 950 748 1022 gratum
765 939 904 1010 faciens,
917 941 998 1020 quia
1014 941 1131 1022 gratia

164 1050 275 1131 gratis
299 1048 378 1109 data
412 1049 551 1128 respicit
585 1065 734 1127 poenam,
770 1048 884 1128 gratia
914 1056 1027 1108 autem
1052 1066 1129 1128 gra-

162 1165 237 1216 tum
262 1152 389 1215 iaciens
413 1155 552 1234 respicit
576 1153 726 1233 culpam3
752 1154 812 1215 sed
836 1151 1058 1215 Confirmatio
1074 1162 1128 1215 est

163 1270 284 1322 contra
306 1279 455 1340 poenam,
480 1261 561 1340 quia
584 1269 636 1321 est
660 1259 1126 1340 contrapusillanimitatem余

162 1387 259 1449 ergo,
285 1377 346 1428 etc.

258 1473 382 1541 Contra,
411 1492 472 1552 per
496 1475 732 1534 auctoritatem
757 1473 910 1534 Rabani:
935 1492 997 1552 per
1022 1475 1129 1553 impo-

162 1581 323 1641 sitionem
347 1599 509 1641 manuum
535 1579 686 1660 Spiritus
711 1579 860 1641 Sanctus
883 1580 1029 1641 traditur
1044 1580 1127 1659 bap

163 1688 281 1758 tizato余
308 1687 368 1748 sed
392 1685 543 1766 Spiritus
567 1685 716 1747 Sanctus
740 1705 807 1746 non
832 1686 932 1747 datur
967 1688 1031 1747 nisi
1065 1705 1128 1766 per

162 1795 311 1874 gratiam
336 1803 473 1874 gratum
498 1791 693 1864 facientem余
718 1811 813 1872 ergo,
837 1802 900 1853 etc.

254 1899 316 1960 Au
340 1913 455 1960 isrnn
479 1912 736 1975 QuAEstnmnn
769 1900 845 1960 dico
880 1910 950 1960 tres
984 1898 1129 1961 Conclu-

162 2025 288 2068 siones.

253 2220 406 2283 Prinna
434 2221 650 2284 Colwltcslo
675 2231 727 2282 est
739 2222 837 2301 =quod
849 2224 883 2282 in
901 2221 1125 2283 Sacramento

163 2324 441 2389 Confirmationis
464 2325 637 2388 confertur
668 2330 782 2409 gratia
816 2338 952 2409 gratum
985 2325 1125 2388 faciens.

165 2432 330 2500 Probatur,
359 2434 504 2513 quiade
529 2432 760 2496 Sacramentis
784 2434 999 2495 sentiendum
1023 2444 1076 2494 est
1092 2443 1127 2496 et

163 2540 347 2600 tenendum
371 2540 463 2619 quod
486 2550 579 2601 tenet
591 2551 789 2602 sacrosanta
803 2540 959 2602 Ecclesia
974 2560 1127 2611 romana,

164 2655 201 2706 ut
229 2656 323 2726 patet
347 2648 462 2707 Extra.
488 2648 539 2707 De
574 2648 735 2707 hereticis.
761 2649 818 2707 Ad
836 2648 1035 2715 abolendam:
1065 2648 1127 2707 sed

162 2763 281 2813 sancta
304 2772 444 2814 romana
467 2751 622 2815 Ecclesia
645 2764 739 2819 tenet
762 2754 854 2834 quod
879 2756 914 2814 in
941 2752 1128 2816 Confirma-

164 2860 256 2919 tione
280 2856 452 2920 confertur
476 2862 588 2941 gratia
612 2870 749 2941 gratum
774 2858 916 2929 laciens余
946 2880 1040 2942 ergo,
1059 2871 1123 2922 etc.

163 2964 282 3033 Minor,
309 2967 474 3045 probatur
507 2968 624 3026 Extra.
662 2968 712 3026 De
745 2988 836 3026 sacra
878 2968 1028 3027 Urzctt'one
1057 2975 1125 3044 cap.

161 3092 232 3130 cum
250 3074 451 3149 peruenisset,
485 3074 541 3134 ubi
566 3073 691 3134 dicitur
721 3073 813 3152 quod
847 3093 908 3152 per
942 3071 1128 3134 Confirma-

162 3178 289 3239 tionem
315 3178 465 3258 Spiritus
490 3178 637 3240 Sanetus
662 3180 762 3240 datur
785 3180 828 3239 ad
852 3190 1075 3260 augmentum
1090 3190 1126 3240 et

162 3284 278 3355 robur3
305 3285 365 3345 sed
389 3282 540 3365 Spiritus
557 3286 705 3347 Sanctus
722 3305 789 3346 non
807 3286 907 3346 datur
923 3285 1127 3365 simpliciter

161 3389 290 3452 homini
316 3393 381 3452 nisi
407 3412 468 3471 per
492 3394 637 3473 gratiam
664 3402 800 3472 gratum
825 3390 1016 3453 facientem.

252 3496 321 3559 Sed
344 3508 396 3559 est
420 3499 606 3560 notandum
631 3499 724 3578 quod
759 3499 872 3579 gratia
907 3509 1044 3579 gratum
1079 3498 1125 3559 fa-

162 3603 256 3663 ciens
280 3604 403 3665 dicitur
427 3604 616 3685 dupliciter.
643 3604 725 3667 Uno
756 3605 857 3665 modo
889 3603 1018 3667 faciens
1049 3625 1126 3687 gra-
