2600 4200
218 239 261 301 62
363 289 364 294 ,
456 239 528 301 Lm.
555 239 599 301 Ill
625 239 919 302 Sentena‘tnnun

191 444 312 526 'positio
337 454 462 507 nonest
486 465 561 507 vera
574 462 630 527 per
654 465 687 506 se
703 444 760 505 sed
783 463 840 526 per
852 444 1010 516 accidens,
1031 454 1066 506 ut
1082 463 1161 506 cum

195 550 312 613 dicitur
329 551 429 614 homo
453 552 545 614 albus
557 562 605 614 est
630 551 731 613 homo
744 561 877 632 propter
900 551 1159 632 contingentiam

196 657 397 739 implicitam,
424 678 489 720 non
513 668 562 720 est
597 679 674 720 vera
697 679 754 740 per
777 679 812 719 se
835 658 891 720 sed
919 678 976 739 per
999 654 1160 730 accidens

194 764 254 826 sed
289 785 365 826 cum
389 764 506 826 dicitur
542 764 690 828 Christus
712 774 762 826 est
785 764 886 827 homo
909 764 952 825 ibi
987 772 1034 825 est
1058 764 1162 844 impli-

194 870 282 932 catio
306 871 539 953 contingentiae
563 873 595 933 in
620 872 777 952 subject0,
802 871 878 952 quia
898 871 1082 951 implicatur
1106 871 1162 932 illa

196 976 289 1040 Deus
312 987 360 1040 est
384 978 484 1039 homo
504 988 644 1058 quaeest
661 979 870 1059 contingens3
888 998 968 1060 ergo
984 976 1162 1057 accipiatur

200 1083 244 1146 ibi
268 1105 343 1165 quae
370 1084 443 1166 plus
466 1084 581 1166 placet.

241 1297 326 1359 'Ap
351 1309 493 1360 neuun
518 1298 912 1379 eninmmtnconcedo
942 1298 1032 1379 quod
1056 1295 1163 1378 prima

195 1403 374 1468 dividentia
399 1403 520 1466 habent
545 1404 702 1484 majorem
730 1405 916 1466 distantiam
952 1424 1016 1465 non
1052 1412 1163 1464 tamen

183 1511 322 1587 shabent
346 1510 502 1590 majorem
528 1511 796 1592 repugnantiam
814 1511 866 1572 illa
881 1519 991 1572 autem
1007 1530 1084 1590 quae
1103 1506 1165 1570 for-

197 1618 325 1680 maliter
350 1637 415 1678 non
433 1627 616 1698 repugnant
632 1627 769 1698 possunt
786 1617 867 1678 uniri
891 1617 923 1678 in
947 1617 1063 1678 eotlem
1088 1636 1165 1696 sup

201 1726 317 1808 positu,
342 1733 375 1785 et
399 1744 501 1786 unum
526 1725 736 1786 denominate
770 1725 918 1796 alterum,
942 1732 982 1785 et⁴
998 1724 1042 1784 sic
1066 1722 1166 1784 habet

198 1853 234 1895 se
259 1833 349 1893 Deus
373 1840 406 1892 et
430 1831 540 1892 homo.

268 1939 327 2000 Ad
345 1937 519 2000 sectmdum
543 1937 616 1999 dico
640 1938 731 2020 quod
755 1946 884 1999 nonest
903 1936 1007 1998 simile
1030 1935 1071 1996 de
1094 1955 1166 2016 per-

196 2045 288 2108 sonis
311 2045 343 2106 in
368 2044 506 2106 essentia
529 2053 561 2107 et
585 2044 626 2107 de
660 2044 793 2107 diversis
828 2043 950 2106 naturis
985 2042 1016 2104 in
1050 2041 1167 2104 eadem

202 2172 349 2234 persona,
375 2152 451 2232 quia
478 2170 616 2232 persona
651 2152 727 2213 dicit
761 2151 929 2213 entitatem
954 2149 1169 2211 incommuni-

203 2260 351 2331 cabilem,
362 2258 476 2320 natura
490 2278 566 2319 vero
579 2258 656 2319 dicit
668 2258 836 2319 entitatem
850 2256 1167 2319 communicabilem.

203 2364 281 2427 Ideo
305 2365 438 2447 quando
463 2365 598 2426 diversae
624 2375 749 2426 naturae
777 2374 853 2426 sunt
888 2366 919 2426 in
954 2365 1070 2425 eodem
1094 2384 1170 2443 sup-

189 2473 310 2554 posito
335 2480 470 2553 possunt
494 2472 525 2532 in
550 2481 702 2533 concreto
733 2471 774 2532 de
808 2492 843 2533 se
876 2470 948 2544 dici,
973 2470 1055 2533 sicut
1078 2479 1170 2551 patet

204 2578 236 2640 in
261 2579 384 2640 ratione
408 2579 513 2659 posita
537 2579 577 2639 ad
603 2578 746 2659 primum
770 2578 952 2639 articulum.

270 2686 328 2747 Ad
349 2687 479 2748 tertium
492 2686 565 2747 dico
581 2686 671 2767 quod
689 2706 753 2746 non
770 2686 865 2758 valet,
886 2685 964 2767 quia
981 2704 1045 2747 non
1070 2684 1172 2746 currit

204 2790 256 2853 illa
279 2792 455 2853 similitudo
479 2801 613 2873 propter
638 2792 713 2853 duo
747 2791 862 2854 Primo
896 2792 972 2873 quia
1006 2791 1115 2852 anima
1136 2799 1172 2851 et

206 2919 282 2959 caro
307 2907 504 2959 concurrunt
528 2899 558 2959 in
585 2898 709 2962 unitate
733 2898 873 2960 hominis
888 2908 1046 2979 tanquam
1064 2905 1173 2979 partes

199 3004 435 3077 constitutivae,
461 3013 492 3066 et
518 3026 581 3065 una
605 3026 679 3086 pars
704 3025 768 3066 non
789 3006 984 3087 praedicatur
1008 3006 1048 3066 de
1071 3006 1175 3066 altera

205 3120 304 3192 parte,
319 3112 455 3172 essentia
481 3120 590 3172 autem
610 3110 718 3172 divina
735 3132 799 3172 non
823 3121 872 3173 est
896 3112 926 3173 in
952 3111 1081 3174 Christo
1103 3120 1177 3173 tan-

203 3236 306 3297 quam
332 3238 414 3297 pars
441 3216 586 3279 Secundo
610 3218 686 3298 quia
710 3219 818 3279 anima
841 3228 874 3279 et
889 3239 965 3280 caro
989 3207 1177 3299 significant

204 3322 236 3385 in
260 3324 432 3397 abstracto,
459 3324 549 3385 Deus
573 3332 685 3385 autem
710 3332 742 3385 et
767 3324 868 3386 homo
893 3324 924 3386 in
948 3333 1110 3387 concreto,

272 3430 329 3490 Ad
350 3430 502 3491 ultimum
526 3430 599 3492 dico
624 3431 713 3511 quod
738 3430 839 3492 homo
853 3441 986 3493 nonest
1010 3430 1177 3512 praedi·ca·

204 3544 275 3597 tum
289 3536 458 3597 relativum
469 3538 524 3597 sed
534 3538 735 3616 absolutum3
752 3538 809 3599 sed
821 3540 954 3619 quando
966 3538 1083 3599 dicitur
1094 3558 1180 3619 ergo

205 3642 400 3722 praedicatur
424 3644 464 3704 de
491 3644 593 3705 tribus
618 3644 772 3723 personis,
798 3666 882 3727 nego
905 3644 1176 3725 consequentiam.
