2600 4200
376 750 694 861 Distinetio
733 749 984 861 XXVII.

351 1002 530 1105 Conquo
560 1005 644 1081 aiio
675 1000 1005 1082 Sacramenta...

292 1180 384 1241 Circo
407 1182 499 1240 istam
546 1181 629 1241 Dist.
656 1186 705 1241 26.
730 1186 832 1259 e127.
858 1180 1027 1259 inquibus
1054 1178 1162 1257 Magi-

193 1294 263 1348 ster
284 1290 394 1366 incipit
414 1307 510 1365 ogere
531 1288 569 1347 dc
591 1293 786 1349 sacramento
816 1289 1022 1357 matrimonii,
1050 1306 1158 1365 quaro

198 1401 262 1455 ires
287 1395 490 1469 Quoeslz'ones.
525 1394 656 1455 Primo:
699 1395 814 1455 Uimm
849 1396 1085 1466 matrimonium
1118 1395 1163 1453 sii

195 1504 371 1579 conjunctio
393 1504 493 1562 moris
526 1508 557 1562 et
577 1500 733 1578 sominoe.
764 1499 937 1564 Secundo:
970 1502 1085 1562 Uirum
1118 1504 1163 1561 sii

198 1608 359 1669 honestum
382 1629 501 1669 morem
536 1616 566 1669 et
576 1608 750 1685 suminam
784 1611 1061 1669 matrimonioliter
1092 1629 1161 1669 con·

186 1717 300 1793 jungi.
326 1714 465 1777 Tertio:
497 1716 611 1776 Uirum
636 1716 872 1775 maim'moninm
898 1717 941 1775 sit
961 1736 981 1775 o
1005 1715 1074 1775 Deo
1098 1718 1162 1775 ins-

198 1824 334 1882 litumm.

560 2032 742 2114 QuAEsno
771 2032 797 2096 Ι.

309 2178 366 2238 Αα’
379 2180 522 2255 primam
549 2179 758 2252 Qnoestionem
780 2179 824 2237 sic
842 2177 1024 2254 proceditur
1034 2201 1046 2236 .·

287 2317 435 2380 Videtur
458 2321 550 2399 quod
573 2321 828 2380 matrimonium
853 2339 921 2380 non
946 2321 990 2380 sit
1002 2321 1160 2400 conjunc-

197 2429 248 2486 tio
271 2428 375 2486 maris
409 2435 443 2487 et
473 2424 636 2496 foeminae,
662 2429 743 2506 quia
777 2428 844 2487 ista
877 2427 1071 2508 conjunctio
1102 2425 1159 2487 vel

196 2542 289 2593 esset
327 2552 518 2612 corporum,
546 2534 602 2594 vel
637 2536 848 2604 animorum;
876 2552 943 2594 non
968 2542 1080 2594 autem
1105 2545 1158 2594 est

198 2641 400 2707 animorum.
417 2642 499 2720 quia
510 2651 591 2702 tunc
604 2642 638 2701 in
656 2641 766 2720 patria
778 2649 869 2700 esset
892 2641 1157 2710 matrimonium,

197 2745 290 2825 quod
314 2755 366 2806 est
389 2757 509 2807 contra
546 2746 631 2807 illud
657 2747 769 2806 Malli.
795 2767 842 2821 ιφ,
857 2769 868 2806 .·
894 2745 933 2806 In
958 2764 1067 2826 regno
1089 2765 1156 2807 coe·

197 2853 308 2914 lorum
333 2871 401 2913 non
418 2854 547 2914 nubent
563 2873 674 2932 nequo
690 2854 869 2914 nubentur.
887 2853 965 2914 Non
987 2861 1040 2912 est
1055 2854 1157 2914 eiiam

196 2960 391 3038 conjunctio
414 2978 605 3040 corporum,
631 2961 712 3039 quia
736 2970 817 3020 tunc
841 2961 930 3020 inter
955 2957 1099 3020 Mariam
1124 2970 1159 3020 et

193 3065 323 3145 Joseph
348 3085 415 3126 non
439 3064 561 3127 fuisset
585 3085 703 3126 verum
729 3067 993 3127 matrimonium.

288 3173 325 3232 ln
349 3176 541 3232 contrarium
566 3184 618 3233 est
642 3172 812 3254 Magister
836 3175 868 3232 in
893 3174 984 3232 litera
1001 3173 1058 3252 qui
1076 3172 1160 3232 dicit

196 3279 289 3359 quod
314 3281 566 3341 matrimonium
599 3290 651 3340 est
686 3280 880 3360 conjunctio
915 3281 1018 3340 maris
1042 3289 1076 3340 et
1099 3277 1161 3340 foe·

196 3389 311 3446 minae.

288 3493 349 3554 Ao
374 3507 489 3553 isnin
514 3491 778 3572 Qufflsuiounu
796 3494 871 3553 dico
889 3492 980 3573 quod
997 3493 1090 3554 aliud
1106 3503 1160 3553 est

197 3619 352 3679 quaerere
376 3600 459 3678 quid
483 3611 535 3661 est
569 3601 823 3662 matrimonium
849 3601 1035 3660 secundum
1060 3619 1159 3663 suam
