2600 4200
286 401 451 459 Adolr'ucl
471 419 553 462 vero
585 401 677 480 quod
713 400 871 478 objicitur
904 401 947 460 de
981 399 1159 461 voluntate

196 507 274 567 dico
298 507 389 586 quod
413 509 518 575 minor
539 517 592 567 est
616 503 712 576 falsa,
737 507 819 585 quia
842 507 876 567 in
900 507 1028 567 divinis
1045 517 1159 587 potest

196 613 344 694 intelligi
369 615 466 693 quasi
491 611 642 674 infinitas
665 615 847 680 externiva:
870 613 938 673 alio
961 614 1063 674 modo
1086 613 1160 674 infi-

199 722 290 796 nitas
305 722 475 792 intensiva,
504 721 552 781 ita
576 720 668 800 quod
691 718 752 780 illa
774 716 949 798 perfectio¹
970 721 1157 781 secundum

197 827 362 888 rationem
397 827 570 905 propriam
607 828 653 887 sit
691 827 765 886 sine
792 826 899 887 limite
933 835 967 887 et
1002 828 1158 897 termin0,

196 942 230 994 et
251 933 313 996 illo
338 933 488 994 secundo
511 933 612 993 modo
637 942 751 1013 potest
776 952 842 993 non
867 943 999 994 tantum
1027 933 1159 1013 aliquid

196 1039 321 1101 habere
346 1037 547 1100 infinitatem
560 1037 748 1109 formalem,
765 1040 826 1100 sed
842 1042 945 1112 etiam
960 1037 1159 1109 fundamen·

196 1146 309 1208 talem.
335 1145 422 1206 Dico
446 1165 530 1231 ergo
561 1146 654 1226 quod
688 1147 849 1208 voluntas
878 1147 1000 1207 divina
1034 1147 1160 1207 dicitur

196 1249 330 1313 infinita
353 1249 549 1321 formaliter,
575 1253 724 1312 essentia
747 1261 860 1313 autem
885 1253 1001 1312 divina
1012 1261 1070 1327 ¹est
1086 1251 1160 1314 infi·.

196 1360 270 1420 nita
292 1356 600 1427 fundamentaliter,
625 1361 731 1424 etsie
755 1358 891 1438 quando
915 1358 1011 1420 Deus
1027 1359 1159 1439 aliquid

196 1465 355 1546 producit
377 1484 438 1544 per
462 1465 685 1534 voluntatem,
711 1464 872 1525 voluntas
895 1465 969 1544 ejus
1003 1475 1056 1526 est
1093 1463 1161 1526 for-

196 1572 331 1658 maliter
354 1570 496 1632 infinita.

286 1678 342 1738 Ad
361 1680 527 1754 secundum
552 1678 627 1738 dico
644 1679 736 1757 quod
749 1680 825 1739 istis
837 1679 1069 1744 accidentibus
1081 1699 1161 1756 con7

196 1787 292 1846 venit
315 1805 418 1866 agere
442 1785 556 1864 aliquo
580 1785 692 1853 modo,
720 1795 755 1845 et
789 1787 870 1865 pati,
905 1797 940 1845 et
974 1790 1156 1866 corrumpi.

198 1893 355 1952 Breviter
379 1903 491 1952 tamen
516 1892 711 1972 negandum
736 1900 789 1952 est
812 1893 854 1952 ab
886 1904 1012 1973 agente
1043 1903 1160 1954 creato

197 2001 281 2060 istas
305 2001 436 2078 species
459 2015 561 2078 posse
584 2000 737 2059 converti
763 2000 797 2058 in
821 2000 970 2078 aliquam
1002 2000 1161 2060 substan·

196 2108 279 2167 tiam
303 2107 453 2167 totaliter
478 2125 611 2175 novam,
638 2126 748 2186 neque
771 2107 805 2166 in
837 2108 1014 2176 mixtione,
1046 2126 1158 2187 neque

197 2215 237 2290 in
257 2214 455 2294 putritione;
480 2213 567 2273 bene
591 2222 705 2285 tamen
731 2212 846 2293 aliqua
868 2212 1161 2285 substantiasuce

195 2320 287 2380 cedit
310 2320 385 2380 istis
409 2320 641 2381 accidentibus
653 2320 724 2399 jam
741 2322 919 2400 corruptis
937 2340 1005 2381 non
1018 2321 1157 2400 quidem

196 2429 330 2488 actione
369 2427 504 2507 agentis
538 2428 652 2495 creati,
688 2427 749 2487 sed
783 2426 847 2487 Dei
883 2427 1077 2489 immediate
1109 2447 1161 2487 re-

196 2535 361 2595 ducentis.

288 2744 350 2808 ,De
374 2746 496 2808 terlio
519 2744 712 2808 Articuli)
743 2746 877 2805 videtur
912 2729 1003 2825 quod
1038 2749 1156 2827 agenti

196 2862 311 2913 creato
336 2854 401 2913 ista
424 2854 603 2913 conversio
627 2862 741 2932 potest
764 2862 956 2932 competere
980 2862 1018 2913 ut
1035 2855 1160 2913 instru-

196 2960 390 3019 mentaliter
413 2960 540 3041 agenti,
565 2960 645 3039 quia
668 2959 825 3020 accidens
855 2968 969 3038 potest
1002 2978 1077 3019 esse
1108 2960 1158 3019 in-

197 3066 467 3127 strumentaliter
481 3084 589 3146 agens
607 3066 649 3125 ad
667 3067 921 3146 generationem
939 3066 1155 3134 substantiae;

197 3174 306 3254 igitur
329 3192 349 3232 a
372 3172 479 3233 simili
500 3172 638 3251 aliquod
663 3191 771 3253 agens
794 3181 949 3233 creatum
961 3182 1073 3252 potest
1089 3172 1160 3232 ins·

197 3280 447 3340 trumentaliter
471 3298 573 3358 agere
597 3279 639 3338 ad
664 3280 763 3338 istam
787 3279 1056 3339 conversionem.
1089 3280 1162 3337 An·

197 3387 332 3445 tecederzs
355 3385 518 3465 probatur
544 3385 734 3463 dupliciter.
770 3386 881 3445 Primo
915 3386 978 3445 sic:
1018 3384 1157 3465 quando

197 3493 313 3572 aliqua
336 3502 415 3553 sunt
439 3490 666 3553 essentialiter
689 3493 853 3561 ordinata,
878 3492 956 3571 plus
972 3492 1076 3552 distat
1092 3501 1159 3553 ter-

197 3600 283 3659 tium
308 3618 328 3658 a
351 3600 471 3678 primo
496 3616 597 3678 quam
624 3599 823 3670 secundum;
850 3599 909 3659 sed
934 3600 968 3659 in
999 3609 1161 3667 creatura
