2600 4200
227 227 286 285 116
450 225 525 285 Lm.
551 223 601 284 IV
628 221 935 286 Semeamrolt

286 455 348 516 Ao
372 467 645 516 recurrentem
681 457 715 513 in
747 457 950 520 contratrum,
989 464 1084 533 patet
1113 473 1158 515 ex

194 561 297 622 dictis
322 563 355 622 in
381 562 530 623 secunda
554 559 782 622 conclusione
805 561 897 641 quod
921 559 990 620 illae
1026 563 1161 641 species

195 668 295 730 aliter
318 688 355 730 se
377 668 505 730 habent
529 668 571 728 ad
606 666 740 748 Corpus
774 665 900 728 Christi
935 677 1014 746 post
1044 685 1161 728 conse-

193 777 381 836 crationem
406 793 508 854 quam
533 783 625 845 ante;
651 775 731 835 licet
754 775 844 834 enim
870 793 937 834 non
962 775 1008 835 sit
1024 775 1071 835 ibi
1087 793 1158 835 mu-

195 883 280 943 tatio
304 881 527 962 deperditiva,
558 890 611 941 est
634 892 748 941 tamen
772 882 916 941 mutatio
940 881 1158 960 acquisitiva;

195 1007 290 1068 ergo,
316 999 379 1048 etc.

448 1292 451 1298 ¹
542 1323 724 1404 Qomsrro
740 1305 811 1384 m.

314 1503 370 1561 Ad
390 1505 513 1561 tertiam
542 1503 750 1576 Quoestionem
773 1504 817 1561 sic
835 1502 1032 1578 proceditur:

286 1678 433 1740 Videtur
460 1679 552 1758 quod
571 1681 740 1740 existens
774 1681 809 1739 in
844 1689 983 1760 peccato
1022 1679 1158 1740 mortali

196 1805 264 1847 non
289 1797 407 1866 peccet
430 1786 619 1847 mortaliter
641 1787 862 1867 percipiendo
885 1785 949 1847 hoc
962 1783 1160 1848 Sacramen-

195 1902 279 1962 tum,
305 1895 385 1972 quia
409 1892 524 1954 nullus
548 1902 667 1972 peccat
690 1891 845 1954 faciendo
876 1893 962 1954 illud
993 1892 1035 1953 ad
1066 1891 1159 1972 quod

195 2008 345 2070 tenetur;
371 2000 431 2059 sed
443 1999 568 2079 aliquis
580 2000 795 2079 quandoque,
813 2019 881 2060 non
897 1999 1055 2060 obstante
1066 1998 1159 2079 quod

195 2108 241 2167 sit
265 2108 300 2167 in
317 2116 457 2185 peccato
473 2106 617 2175 mortali,
636 2115 771 2168 tenetur
782 2108 1045 2178 communicare;
1063 2118 1156 2188 ergo

196 2214 344 2273 Probatt'o
367 2214 508 2273 minoret.
534 2214 585 2273 De
607 2220 772 2275 consecrat.
797 2214 866 2273 dist.
891 2231 920 2274 2.
945 2234 969 2273 c.
999 2213 1156 2273 Relatum.

194 2320 332 2381 Dicitur
356 2319 401 2380 ibi
427 2318 518 2399 quod
537 2316 711 2387 ,Sacerdos
734 2322 792 2399 qui
827 2320 1041 2381 consecravit
1069 2328 1161 2381 tene·

195 2437 252 2487 tur
275 2428 425 2505 recipere
450 2424 719 2494 Sacramentum,
744 2436 777 2486 et
801 2426 964 2505 possibile
988 2436 1041 2487 est
1066 2426 1160 2505 quod

195 2543 278 2594 tunc
302 2534 347 2593 sit
371 2533 405 2592 in
430 2542 571 2613 peccato
594 2532 740 2593 mortali.

290 2638 414 2699 Contra.
440 2658 466 2699 J.
492 2640 536 2698 ad
560 2638 629 2699 Cor.
655 2659 722 2707 rr.,·
739 2636 805 2719 Qui
824 2639 1007 2700 manducat
1022 2648 1057 2699 et
1071 2638 1159 2699 bibit

196 2744 348 2825 indigne.
371 2746 536 2825 judicium
561 2755 622 2805 etc.

287 2851 329 2911 ΙΝ
354 2864 439 2913 isti.
462 2862 700 2927 QUAEsrmxe,
712 2854 819 2929 primo
834 2854 1038 2933 praemittam
1055 2870 1159 2913 unam

195 2960 460 3020 distinctionem.
487 2958 627 3019 Secundo
650 2958 760 3019 dicam
786 2958 828 3019 ad
852 2956 1097 3038 Quaestionem.

288 3170 515 3233 Dtattnetto
539 3182 651 3231 autem
677 3181 739 3240 est,
764 3170 856 3250 quod
890 3170 1015 3250 aliquis
1045 3178 1160 3249 potest

195 3296 272 3337 esse
297 3278 329 3337 in
355 3288 495 3356 peccato
519 3278 654 3338 mortali
679 3277 867 3356 tripliciter.
893 3276 1005 3336 Primo
1017 3277 1052 3337 in
1069 3283 1159 3343 actu,

196 3384 277 3463 quia
301 3384 431 3444 scilicet
454 3394 573 3463 peccat
607 3383 797 3443 mortaliter
830 3392 970 3462 peccato
1005 3382 1157 3443 interiori

195 3489 253 3550 vel
276 3491 448 3551 exteriori.
475 3490 623 3555 Secundo,
652 3492 734 3570 quia
756 3491 852 3569 prius
886 3490 1058 3550 commisit
1084 3506 1160 3569 pec-

195 3605 309 3658 catum
345 3596 489 3657 mortale
524 3598 733 3675 preteritum
772 3596 907 3675 dequo
939 3614 1006 3656 non
1039 3594 1159 3656 recolit
