2600 4200
186 232 370 301 Disnucr.
397 235 542 299 XXVIII
565 246 598 298 et
623 234 738 299 XXIX
762 234 910 317 Quasi.
934 234 964 297 11
1015 251 1075 298 201

138 440 307 504 subvenire
345 440 428 524 patri
463 450 613 523 ternpore
647 441 844 505 necessitatis
876 462 977 523 quam
1013 440 1099 511 filio:

140 565 228 629 ergo.
253 548 372 611 Minor
392 556 482 629 patet
506 566 537 631 9.
562 547 673 611 Erote.
698 569 725 610 c.
747 566 779 611 a.
821 548 877 610 ubi
900 548 978 609 dicit
1011 548 1100 629 quod

139 654 211 736 plus
234 663 384 717 tenemur
406 654 576 717 subvenire
600 655 684 736 patri
706 675 808 738 quam
832 654 925 717 nobis
949 654 1034 737 ipsis,
1069 664 1097 717 et

137 762 281 843 assignat
299 761 341 823 ibi
365 760 533 835 rationem,
557 762 634 843 quia
659 770 750 845 pater
772 770 822 825 est
844 782 942 823 causa
965 761 1101 824 essendi.

203 974 266 1037 An
292 987 437 1036 PRIMUM
460 988 507 1037 ur
531 986 731 1037 sacuuouu
763 976 1103 1038 Pniuciannedicen-

137 1080 216 1143 dum
242 1081 334 1163 quod
359 1080 487 1143 dilectio
521 1080 679 1162 accipitur
713 1081 843 1144 duobus
878 1081 993 1144 modis.
1035 1080 1103 1145 Uno

137 1188 228 1251 modo
256 1188 439 1249 secundum
478 1187 629 1250 affectum
669 1187 886 1250 sensualitatis
920 1198 953 1250 et
987 1188 1100 1251 carnis.

136 1294 213 1357 Alio
225 1295 321 1357 inodo
332 1294 511 1356 secundum
525 1278 679 1356 aflectum
693 1294 867 1357 charitatis.
881 1294 989 1357 Primo
1003 1295 1103 1357 modo

138 1398 289 1463 homines
313 1401 385 1481 plus
409 1400 549 1483 diligunt
571 1398 654 1461 filios
677 1421 778 1482 quam
795 1409 954 1483 parentes,
971 1410 1004 1462 et
1020 1400 1102 1463 ratio

134 1517 183 1569 est
205 1507 286 1590 quia
311 1516 427 1569 natura
450 1508 574 1589 appetit
597 1505 779 1569 conservari
804 1506 920 1569 in'suo
943 1506 1038 1569 simili
1069 1515 1102 1569 et

137 1615 240 1697 magis
264 1614 374 1695 diligit
397 1613 475 1675 illud
499 1615 531 1675 in
554 1634 621 1695 quo
636 1612 734 1675 habet
751 1613 958 1694 principalius
974 1633 1103 1675 conser-

134 1722 212 1783 vari.
238 1718 340 1785 Nunc
363 1730 473 1783 autem
498 1728 589 1802 pater
613 1718 712 1783 habet
734 1720 849 1782 salvari
862 1722 895 1783 in
908 1718 974 1781 filio
987 1728 1018 1781 et
1035 1740 1101 1782 non

135 1847 325 1902 econverso
352 1827 425 1889 ideo
447 1828 627 1889 secundum
652 1847 799 1892 amorem
827 1826 1041 1889 sensualitatis
1071 1836 1103 1888 et

134 1936 239 1998 carnis
264 1935 343 2017 plus
366 1932 506 2015 diligunt
530 1932 620 1999 filios
646 1933 681 1998 Si
704 1942 815 1995 autem
854 1935 1028 2015 loquamur
1062 1934 1103 1995 de

136 2042 310 2106 dilectione
336 2041 515 2104 secundum
540 2040 693 2103 affectum
717 2040 892 2114 charitatis,
918 2050 997 2103 tunc
1032 2040 1104 2121 plus

133 2149 322 2232 diligendus
347 2157 396 2210 est
408 2157 498 2229 pater
510 2168 610 2230 quam
624 2147 717 2210 filius
731 2148 796 2210 Ista
819 2148 887 2209 duo
910 2157 1104 2228 argumenta
1127 2173 1130 2179 ¹
1165 2213 1168 2220 ,

132 2266 278 2338 arguunt
303 2256 349 2318 de
372 2253 542 2316 dilectione
565 2254 779 2316 sensualitatis
802 2262 835 2315 et
859 2273 924 2316 non
949 2255 990 2315 de
1007 2253 1103 2315 dilec-

134 2362 221 2427 tione
245 2360 427 2426 charitatis.

198 2471 259 2534 Ad
272 2469 411 2533 tertium
435 2466 609 2530 dicendum
634 2467 723 2547 quod
736 2467 843 2549 major
858 2465 890 2528 in
907 2467 1103 2548 quibusdam

133 2576 231 2640 habet
255 2576 444 2648 veritatem,
476 2574 508 2635 in
540 2573 737 2655 quibusdam
761 2582 871 2635 autern
896 2592 980 2647 non;
1006 2573 1104 2635 habet

130 2685 217 2747 enirn
242 2683 422 2746 veritatem
446 2679 477 2742 in
502 2679 565 2741 hoc
588 2680 679 2761 quod
702 2679 785 2741 sicut
808 2679 910 2741 homo
934 2700 990 2761 per
1015 2688 1103 2742 natu·

132 2811 200 2854 ram
225 2793 304 2874 plus
330 2786 438 2869 diligit
449 2785 591 2868 seipsum
615 2805 715 2868 quam
729 2787 929 2868 proximum,
944 2786 1032 2848 itaet
1048 2807 1105 2867 per

133 2901 293 2981 gratiam;
320 2895 382 2958 sed
406 2893 438 2956 in
462 2892 629 2976 proposito
660 2894 702 2954 de
724 2893 895 2957 dilectione
930 2902 1103 2974 parentum

130 3013 162 3068 et
185 3006 336 3069 liliorum
362 3021 430 3063 non
454 2999 554 3062 habet
576 2999 754 3062 veritatem.

579 3225 677 3581 l
