2600 4200
250 203 312 261 312
476 181 550 244 Lm.
563 181 640 298 lV
653 182 960 246 Saureunnnuu

223 361 307 422 dare
330 361 483 421 libellum
508 362 640 441 repudii
669 372 703 422 et
737 362 918 430 dimittere,
942 363 993 427 ait
1026 362 1124 424 illis:
1149 363 1193 423 ad

216 468 385 529 duritiam
410 468 522 529 cordis
546 469 653 530 vestri
677 470 832 548 permisit
855 467 998 548 Moyses
1014 470 1192 531 dimittere

224 591 353 635 uxores
376 584 530 646 vestras;
555 575 598 636 ab
622 575 721 635 initio
744 584 858 636 autem
882 593 951 635 non
974 573 1042 635 fuit
1065 577 1130 636 sic.
1149 612 1191 619 —

227 681 359 756 Quarto
388 681 505 740 Extra.
530 681 567 740 de
589 681 735 741 divortiis
757 687 823 758 cap.
853 679 1044 750 Gaudentus
1062 682 1192 743 dicitur

223 787 318 866 quod
341 787 610 866 repudiationem
635 787 754 848 uxoris
778 789 906 848 veritas
930 789 965 848 in
988 784 1190 869 Evangelio

216 893 431 972 reprobavit.

314 1001 392 1096 Alia
415 1002 519 1077 opimi>
553 999 637 1060 dicit
671 1000 824 1061 totaliter
856 1000 1065 1080 oppositum,
1094 1001 1192 1081 quod

222 1107 417 1184 repudiatio
440 1106 534 1168 licita
557 1104 622 1166 luit
645 1125 709 1186 pro
743 1116 896 1188 tempore
930 1106 1021 1188 legis
1057 1105 1189 1188 Moysi.
1294 1150 1295 1169 i

217 1209 329 1292 Quod
351 1215 496 1292 probant
519 1214 578 1283 sic,
604 1214 686 1292 quia
709 1212 850 1294 Moyses
884 1213 1123 1295 promulgavit
1146 1215 1192 1276 le·

224 1339 307 1401 gem
330 1319 407 1390 Dei,
431 1329 465 1382 et
489 1318 565 1380 ideo
589 1339 677 1399 quos
689 1321 764 1400 ipse
779 1321 958 1400 conjunxit
972 1323 1077 1382 ctiam
1089 1321 1190 1383 Deus

216 1425 413 1505 conjunxit,
437 1435 471 1488 et
495 1445 581 1506 quos
605 1428 680 1506 ipse
711 1427 895 1507 separavit,
920 1426 1016 1488 Deus
1050 1447 1189 1508 separa·

224 1533 286 1603 vit,
311 1533 392 1613 quia
414 1551 482 1594 non
506 1544 558 1593 est
581 1533 769 1594 verisimile
792 1533 885 1614 quod
912 1531 1001 1594 lator
1024 1534 1116 1615 legis
1139 1535 1189 1596 di·

223 1640 317 1700 vinae
349 1639 619 1719 promulgaverit
654 1639 785 1719 aliquid
820 1641 854 1700 in
878 1659 920 1702 ea
948 1638 1117 1701 illicitum.
1145 1675 1187 1684 -
1294 1650 1297 1670 ¹

224 1745 365 1806 Secundo
388 1745 458 1807 sic:
483 1756 521 1807 ut
545 1747 592 1806 ait
617 1745 841 1827 Augustinus
865 1748 899 1805 in
922 1747 1058 1824 quadam
1082 1747 1185 1824 Epist.

214 1853 269 1910 ad
289 1853 421 1913 Hieron.
434 1875 446 1912 .·
471 1853 500 1912 si
524 1853 568 1912 ad
591 1871 707 1914 sacras
730 1850 927 1932 Scripturas
950 1852 1103 1915 admissa
1117 1851 1187 1914 fue·
1295 1898 1296 1925 1

222 1959 294 2019 rint
317 1955 468 2020 officiosa
501 1959 688 2028 mendacia,
724 1957 808 2039 quid
842 1959 877 2018 in
912 1959 963 2020 eis
996 1960 1185 2021 remanebit

216 2065 437 2127 auctoritatis
460 2074 495 2126 et
529 2065 734 2138 soliditatis3
770 2065 869 2145 quasi
904 2065 1053 2127 diceret:
1091 2066 1180 2134 nihil,

220 2173 307 2251 quia
329 2191 396 2251 qua
429 2174 560 2234 ratione
595 2169 698 2233 luerit
732 2171 921 2233 admissum
955 2191 1073 2242 unum,
1109 2172 1182 2251 pari

222 2279 356 2339 ratione
378 2278 491 2349 aliud;
516 2298 601 2359 ergo
624 2298 645 2339 a
668 2278 782 2347 simili,
807 2278 837 2339 si
861 2280 896 2339 in
932 2278 1010 2360 lege
1045 2280 1186 2358 permis·

222 2404 301 2446 sum
325 2382 390 2445 luit
413 2404 517 2447 unum
542 2386 710 2454 illicitum,
735 2386 808 2466 pari
833 2386 966 2447 ratione
991 2384 1088 2446 aliud
1122 2384 1185 2445 illi-

215 2490 340 2551 citum.
366 2528 407 2535 —-
438 2492 543 2552 Tertio
565 2493 635 2552 sic:
661 2490 719 2552 lex
739 2492 833 2571 justa
856 2501 894 2553 ut
917 2493 966 2552 sic
990 2511 1059 2552 non
1083 2492 1186 2552 debet

223 2596 305 2657 dare
332 2598 543 2659 occasionem
579 2598 743 2677 peccandi
778 2597 986 2667 mortaliter;
1023 2596 1084 2658 sed
1114 2598 1186 2657 ista

214 2704 400 2764 concessio
424 2704 603 2764 videbatur
626 2704 753 2765 directe
770 2704 904 2764 occasio
927 2702 1058 2782 Judaeis
1074 2704 1185 2764 dimit-

222 2810 317 2870 tendi
342 2830 478 2879 uxores,
503 2820 537 2871 et
560 2829 622 2889 per
645 2828 859 2888 consequens
882 2810 1046 2889 peccandi
1063 2819 1184 2871 morta-

222 2916 321 2987 liter;
347 2936 431 2997 ergo
455 2916 511 2977 vel
535 2916 602 2976 ista
625 2917 802 2977 concessio
826 2925 971 2977 nonest
1005 2924 1182 2996 peccatum

221 3022 377 3091 mortale,
403 3022 455 3083 vel
482 3021 540 3083 lex
564 3041 632 3082 non
657 3032 711 3083 est
729 3023 832 3103 justa.

308 3130 412 3189 Tertio
424 3130 511 3187 modo
522 3128 647 3189 dicitur
664 3128 756 3208 quod
767 3128 947 3207 repudium
964 3131 1085 3189 uxoris
1101 3146 1184 3189 nun-

222 3254 327 3315 quam
351 3233 415 3296 fuit
438 3234 567 3296 licitum
594 3246 631 3295 ut
655 3234 751 3296 fieret
771 3236 845 3296 sine
861 3235 971 3315 culpa,
989 3232 1053 3295 fuit
1069 3244 1182 3295 tamen

223 3341 355 3403 licitum
380 3350 417 3402 ut
440 3340 535 3403 fieret
559 3344 633 3403 sine
659 3361 770 3422 poena.
795 3341 900 3403 Unde
926 3341 1056 3421 aliquid
1081 3341 1183 3403 licere

222 3448 325 3509 alicui
350 3458 463 3528 potest
487 3468 562 3510 esse
586 3450 713 3527 duplici
738 3448 780 3509 de
813 3446 1078 3538 causa3Primo.
1102 3448 1183 3528 quia

221 3554 274 3614 illi
300 3575 367 3616 non
393 3556 510 3617 obviat
530 3556 617 3635 juris
642 3556 823 3626 rectitudo;
849 3563 883 3615 et
906 3555 971 3616 hoe
987 3554 1090 3615 modo
1113 3570 1182 3613 non
1296 3611 1297 3622 y
