2600 4200
230 241 287 298 108
452 236 527 298 Lm.
553 235 604 298 IV
629 235 934 298 Sauanumuuat

200 413 424 496 Augustinus
448 416 481 473 in
506 414 576 474 Lib.
601 414 638 473 de
661 415 797 474 remedio
813 415 1005 490 poertitentioe
1027 413 1161 474 dicens:

200 519 251 582 Ut
274 521 357 602 quid
380 539 480 602 paras
520 531 675 581 ventrem
715 521 770 580 vel
808 519 955 589 dentem,
987 520 1087 581 crede
1126 529 1162 580 et

199 628 422 688 manducasti.
437 625 504 708 Qui
518 627 608 687 enim
621 626 729 687 credit
741 627 775 688 in
788 644 865 687 eum
878 626 1061 688 manducat
1072 645 1162 688 eum.

124 813 138 836 Ι
289 733 353 794 Hic
375 740 479 793 autem
503 751 570 794 non
596 734 762 814 quaeritur
778 733 820 794 de
843 732 1070 812 illoquisumit
1096 733 1162 795 hoc

199 839 457 901 Sacramentum
476 842 584 917 primo
619 838 675 900 vel
698 847 810 917 quarto
833 840 929 907 niodo,
959 840 1019 901 sed
1042 842 1163 920 quaeri-

117 971 121 974 ·
176 955 255 1008 ·tur
275 947 320 1008 de
344 947 404 1008 illo
428 947 486 1026 qui
511 946 615 1008 sumit
637 948 769 1006 secundo
792 947 848 1007 vel
872 949 961 1007 terito
987 948 1074 1006 modo
1098 948 1162 1008 sci-

199 1053 278 1116 licet
300 1054 570 1113 sacramentaliter
599 1061 633 1113 et
663 1055 881 1130 spiritualiter,
909 1053 966 1114 vel
989 1054 1088 1112 solum
1112 1075 1162 1113 sa-

198 1162 438 1230 cramentaliter,
464 1162 492 1221 si
517 1159 597 1221 talis
620 1169 734 1239 potest
758 1159 850 1220 licite
873 1158 938 1220 hoc
963 1158 1161 1221 Sacramen-

198 1275 270 1328 tum
296 1285 363 1327 non
376 1267 514 1347 jejunus
530 1268 690 1347 recipere.
709 1264 754 1327 Et
771 1274 852 1327 tunc
868 1268 1041 1346 praemitto
1057 1267 1159 1328 aliam

198 1373 463 1442 disctintionem
490 1373 648 1434 videlicet
672 1372 764 1453 quod
784 1373 950 1452 jejunium
982 1383 1034 1434 est
1069 1379 1160 1432 reatri-

199 1500 244 1540 roe
266 1489 301 1542 et
320 1479 485 1559 jejunium
509 1482 637 1539 ecclesa.
660 1479 832 1559 Jejunium
856 1489 969 1540 autern
1004 1479 1160 1541 ecclesiae

199 1607 266 1648 non
291 1586 438 1647 solvitur
461 1587 526 1646 nisi
551 1605 611 1665 pcr
635 1585 784 1665 aliquam
809 1583 1028 1647 refectionem
1048 1596 1160 1647 extra-

198 1693 403 1754 ordinariam
443 1701 566 1772 praeter
605 1711 733 1753 morem
772 1691 937 1762 ecclesiae,
970 1693 1059 1753 unde
1097 1710 1160 1771 per

199 1801 389 1880 specierum
407 1799 601 1878 sumptione
614 1798 670 1859 vel
686 1809 805 1878 potum
822 1799 943 1860 saltem
959 1808 1038 1878 post
1061 1817 1160 1878 pran-

198 1907 291 1968 dium
316 1925 383 1966 non
417 1905 563 1967 solvitur
583 1905 750 1986 jejunium
785 1905 948 1966 ccclesiae.
975 1902 1044 1967 Sed
1075 1906 1159 1985 jeju·

198 2014 291 2073 nium
317 2022 447 2073 naturae
472 2021 524 2074 est
558 2013 709 2073 carentia
742 2012 808 2073 cibi
844 2012 993 2090 suscepti
1033 2015 1068 2072 in
1091 2023 1159 2073 sto-

197 2120 317 2181 macho
342 2121 397 2181 vel
422 2121 456 2181 in
482 2122 538 2181 via
562 2120 604 2181 ad
629 2119 852 2181 stomachum.
880 2118 955 2180 Hoc
979 2120 1021 2180 de
1045 2121 1157 2200 primo

198 2226 367 2295 Articulo‚

285 2438 349 2501 De
371 2440 549 2503 sectando
573 2436 766 2501 Articulo
789 2438 865 2499 dico
894 2438 985 2518 quod
1020 2447 1156 2519 oportet

197 2546 439 2625 suscipientem
464 2543 597 2625 Corpus
621 2544 748 2607 Christi
761 2564 837 2606 esse
861 2546 1061 2624 simpliciter
1073 2545 1158 2625 jeju-

198 2670 277 2713 num
299 2651 428 2731 jejunio
453 2659 594 2719 naturae.
620 2670 682 2712 nec
709 2661 763 2712 est
797 2651 865 2712 alia
897 2670 1000 2713 causa
1034 2652 1157 2732 princi·

197 2759 294 2838 palis,
320 2760 385 2820 nisi
411 2759 580 2819 institutio
604 2758 731 2827 divina,
756 2760 846 2837 quia,
871 2768 909 2819 ut
939 2758 1153 2826 dictumest,

196 2866 325 2946 placuit
349 2864 491 2944 Spiritui
517 2864 644 2927 Sancto
669 2874 706 2925 ut
730 2866 764 2925 in
788 2865 952 2926 honorem
986 2866 1071 2927 tanti
1096 2862 1157 2926 Sa·

196 2972 358 3033 eramenti
384 2982 446 3032 etc.
472 2970 516 3032 Et
540 2971 677 3051 quidem
695 2972 871 3033 rationalis
887 2981 939 3033 est
954 2973 1155 3033 constitutio

195 3087 335 3157 propter
358 3078 582 3138 reverentiam
608 3074 819 3139 Sacramenti
854 3096 932 3157 quae
967 3078 1078 3139 minor
1101 3088 1155 3139 est

196 3184 230 3243 in
255 3202 382 3263 pranso
405 3202 506 3262 quam
532 3184 565 3243 in
586 3184 714 3263 jejuno
739 3193 773 3245 et
796 3192 834 3245 ut
858 3185 952 3264 prius
979 3193 1155 3264 quaeratur

196 3291 293 3351 cibus
317 3289 505 3369 spiritualis
529 3309 631 3369 quam
656 3290 852 3369 corporalis.

285 3397 326 3457 Si
345 3403 448 3455 aulem
472 3396 679 3477 intelligitur
704 3399 848 3476 quaestio
883 3399 917 3458 in
944 3396 1152 3478 particulari,

195 3502 272 3563 dico
295 3503 387 3582 quod
411 3504 479 3563 duo
503 3512 582 3564 sunt
606 3522 706 3564 casus
731 3506 765 3564 in
790 3505 914 3584 quibus
937 3513 990 3565 est
1021 3504 1152 3565 licitum

196 3609 295 3669 alicui
333 3628 399 3669 non
435 3610 551 3689 jejuno
587 3610 762 3671 stomacho
797 3610 862 3671 hoc
893 3609 1151 3673 Sacramentum
