2600 4200
360 923 680 1033 Distinctio
731 924 1007 1033 XXXIX.

331 1174 450 1249 Nunc
480 1177 741 1279 de-pevjutjio
770 1178 1026 1253 videamus...

370 1296 465 1363 Circa
489 1300 586 1364 istam
610 1302 698 1365 Dist.
718 1320 775 1384 59.
800 1301 985 1383 quoeritur:

566 1460 742 1543 QUAESTIO
768 1463 791 1524 Ι.

346 1617 452 1673 Utrum
471 1618 632 1688 mnndum
650 1620 689 1675 slt
707 1621 853 1687 peceatum
873 1618 1005 1673 mortale.

262 1764 308 1825 Et
331 1764 458 1825 videtur
482 1763 571 1845 quod
596 1786 671 1838 non,
697 1763 773 1846 quia
797 1764 973 1849 perjurium
1010 1784 1075 1825 non
1110 1773 1160 1825 est

185 1869 254 1934 nisi
279 1871 446 1951 quoddam
473 1872 700 1946 mendacium
724 1872 780 1933 sed
805 1892 870 1932 non
895 1890 993 1932 omne
1025 1872 1158 1931 menda—

185 1977 283 2039 cium
307 1986 355 2037 est
378 1988 549 2057 peccatum
575 1978 720 2051 mortale,
742 1987 778 2040 ut
801 1978 926 2039 dictum
950 1987 998 2039 est
1022 1978 1053 2039 in
1078 1998 1159 2058 prae-

186 2082 322 2146 cedenti
345 2084 535 2165 quaestione.

269 2187 398 2252 Contra.
424 2189 523 2270 Quod
548 2191 584 2254 fit
608 2192 639 2253 in
664 2200 892 2272 contemptum
918 2192 978 2253 Dei
1014 2202 1062 2254 est
1085 2213 1157 2272 pec·

187 2305 307 2360 catum
333 2299 488 2374 mortale;
513 2299 568 2360 sed
593 2299 771 2380 perjurium
797 2299 833 2361 fit
865 2300 896 2360 in
931 2308 1158 2380 contemptum

190 2404 282 2480 Dei;
306 2423 394 2485 ergo.

264 2615 325 2678 An
348 2629 579 2680 EvmssNmM
603 2631 717 2694 HUJUS
741 2631 969 2694 QUAEsuoms
993 2630 1041 2680 est
1062 2620 1160 2680 scien-

189 2724 278 2786 dum
295 2724 383 2804 quod
400 2723 519 2804 triplex
535 2734 583 2785 est
596 2723 820 2804 juramentum
845 2726 964 2786 scilicet
981 2725 1159 2797 incautum,

188 2839 340 2892 coactum
363 2837 396 2891 et
419 2830 572 2891 dolosum.
588 2830 715 2892 Dicitur
739 2842 849 2892 autem
871 2832 1093 2912 juramentum
1113 2833 1160 2893 in-

188 2945 339 3006 cautum,
367 2936 499 3016 quando
534 2936 606 3017 quis
638 2938 726 3017 jurat
750 2939 791 2999 de
822 2959 855 2998 re
889 2939 1005 3009 illicita,
1030 2950 1112 3018 puta
1135 2938 1159 2998 si

187 3045 284 3125 jurat
306 3041 483 3104 interficere
508 3042 685 3115 hominem,
701 3052 734 3105 et
758 3044 820 3106 tale
844 3045 976 3125 quidem
998 3045 1161 3124 juramen·

190 3161 270 3212 tum
294 3169 359 3210 non
384 3147 510 3230 obligat
533 3150 575 3210 ad
599 3147 794 3212 faciendum.
818 3151 1046 3231 juramentum
1078 3171 1160 3211 coac·

190 3269 266 3320 tum
290 3254 407 3316 dicitur
430 3255 520 3336 quod
545 3254 581 3317 fit
604 3266 738 3340 propter
763 3267 898 3330 metum,
915 3267 947 3319 et
971 3257 1034 3318 hoc
1057 3256 1161 3337 dupli·

189 3363 275 3428 citer
309 3361 387 3444 quia
420 3359 471 3423 vel
507 3371 638 3444 propter
675 3373 799 3424 metum
831 3364 890 3444 qui
910 3364 1002 3425 cadit
1034 3364 1066 3424 in
1093 3385 1162 3425 con·

187 3479 335 3536 stantem
360 3467 482 3541 virum,
507 3469 557 3534 vel
590 3489 646 3551 per
682 3480 807 3531 metum
832 3470 887 3551 qui
920 3490 982 3532 non
1017 3469 1106 3531 cadit
1128 3470 1160 3532 in

186 3585 393 3643 commutem
429 3574 550 3638 virum.
575 3575 627 3638 De
651 3576 700 3638 his
722 3577 853 3639 duobus
884 3577 1076 3658 juramentis
1110 3576 1161 3638 hic
