2600 4200
388 277 614 342 D1srmcr.l
640 276 786 358 Quesr.
812 276 825 339 1
1054 291 1073 354 7

120 398 242 409 --—-

123 509 171 550 res
193 487 407 548 diversorum
432 503 599 566 generum;
625 483 681 544 sed
704 491 850 544 creatum
866 490 898 543 et
916 481 1094 543 increatum

124 594 274 656 maxime
298 591 423 653 distant
446 598 479 652 et
502 589 664 661 differunt,
688 609 768 672 ergo
792 598 929 669 possunt
952 589 994 649 ad
1018 586 1098 649 invi·
1160 598 1168 612 ·

124 721 195 763 oern
221 698 318 760 uniri.
359 698 461 760 Ratio
485 717 547 758 non
574 696 672 768 valet,
711 695 788 776 quia
818 695 972 757 distantia
1009 695 1092 756 inter

124 817 276 869 extrema
302 804 437 866 unibilia
461 813 593 864 nonest
617 803 699 864 ratio
715 802 853 872 unionis,
878 803 934 863 sed
959 802 1040 862 ratio
1061 822 1097 861 u·

126 914 231 976 nionis
256 912 341 973 inter
366 910 527 982 distantia,
548 910 588 971 de
608 909 727 990 quibus
746 908 878 990 ponitur
893 907 1096 988 exemplum,

125 1030 174 1082 est
196 1018 399 1100 possibilitas
422 1018 453 1078 in
477 1037 544 1078 uno
574 1026 725 1078 extremo
756 1024 788 1076 et
811 1025 904 1077 actus
928 1014 959 1076 in
984 1014 1094 1082 altero.

126 1128 217 1209 quod
244 1126 278 1186 in
300 1124 468 1206 proposito
493 1145 556 1186 non
581 1133 691 1204 potest
715 1123 802 1204 poni,
826 1124 903 1203 quia
934 1142 994 1183 nec
1018 1121 1096 1182 Ver-

126 1235 208 1295 bum
241 1243 292 1292 est
317 1241 408 1292 actus
432 1231 585 1292 humanae
610 1239 736 1292 naturae
762 1250 820 1291 nec
843 1249 861 1290 e
881 1249 1047 1299 converso,
1064 1239 1094 1289 et

127 1341 172 1402 sic
196 1339 282 1421 lapis
303 1347 336 1400 et
353 1338 453 1400 homo
475 1338 618 1399 maxime
642 1346 775 1418 possent
798 1333 902 1397 facere
926 1355 1039 1407 unum,
1064 1348 1094 1400 er

129 1457 241 1508 tamen
268 1465 334 1507 non
358 1453 506 1525 possunt.

196 1546 248 1617 Et
269 1547 351 1617 z'deo
378 1547 593 1616 decharatur
626 1547 701 1616 isra
733 1545 969 1633 possibilitas
1006 1547 1096 1609 aliter

127 1659 190 1721 sic:
215 1658 455 1739 IndependenS,
480 1657 512 1718 in
547 1666 709 1737 quantum
733 1655 963 1735 independens
988 1666 1096 1735 potest

127 1764 307 1827 terminare
341 1762 592 1845 dependentiam
628 1762 758 1824 alterius
792 1763 834 1823 ad
870 1763 976 1842 ipsum
1006 1763 1095 1842 quod

129 1880 246 1933 natum
271 1881 320 1932 est
344 1870 463 1932 habere
486 1871 584 1932 talem
609 1869 803 1947 terminum;
820 1871 876 1930 sed
889 1869 1093 1949 suppositum

130 1979 280 2040 divinum
304 1986 353 2039 est
377 1977 608 2058 independens,
632 1986 665 2039 et
688 1976 906 2057 dependentia
939 1975 1091 2036 humana}

132 2091 259 2148 naturae
283 2095 331 2146 est
357 2093 431 2147 nata
445 2083 563 2146 habere
583 2104 755 2165 personam
780 2105 837 2165 per
864 2083 1040 2144 terminum
1065 2092 1096 2143 et

130 2214 197 2255 non
223 2201 392 2264 naturam;
416 2212 496 2273 ergo
512 2213 649 2269 persona
673 2190 783 2252 divina
807 2190 1028 2270 independens
1041 2211 1097 2269 po-

130 2308 194 2361 test
217 2299 392 2361 terminare
419 2297 670 2379 dependentiam
707 2308 832 2359 naturae
868 2297 1022 2357 humana.
1053 2296 1095 2356 ad

132 2408 249 2489 ipsam,
272 2414 305 2467 et
330 2404 401 2467 haec
423 2414 472 2467 est
495 2406 687 2468 Incarnatio.

198 2512 380 2575 Proelerea:
406 2510 505 2591 Quod
529 2532 596 2573 non
632 2522 792 2593 repugnat
829 2510 1014 2593 perfectioni
1039 2530 1095 2570 na-

130 2629 214 2681 turae
239 2617 290 2679 vel
315 2638 462 2699 personae
486 2619 606 2680 divinat
630 2628 738 2699 potest
770 2617 862 2699 ponit
894 2618 925 2678 in
960 2636 1014 2677 ea:
1040 2617 1096 2676 sed

132 2725 317 2788 Incarnatio
341 2745 406 2786 non
431 2736 592 2807 repugnat
617 2724 804 2806 perfectioni
827 2725 946 2785 divinat
971 2733 1095 2784 natura·

133 2854 192 2895 nec
216 2852 383 2913 personae3
407 2852 486 2913 ergo
509 2842 570 2894 etc.
595 2832 711 2894 Minor
746 2833 911 2913 probatur,
937 2832 1013 2911 quia
1044 2831 1095 2890 illa

132 2939 317 3001 Incarnatio
353 2938 430 3001 nihil
465 2940 551 3000 aliud
587 2949 635 3000 est
671 2940 729 3001 nisi
764 2939 948 3000 terminatio
980 2939 1098 3017 depen-

133 3046 253 3108 dentiae
279 3054 402 3107 naturae
435 3046 589 3107 humanae
624 3047 667 3108 ad
701 3046 906 3127 suppositum
939 3046 1096 3110 divinum,

133 3164 165 3215 et
189 3153 234 3215 sic
258 3173 324 3214 non
349 3153 440 3234 ponit
475 3154 711 3227 limitationem,
747 3154 796 3215 vel
826 3154 1096 3233 compositionem

134 3262 183 3321 vel
209 3258 487 3340 imperfectionem
513 3261 543 3322 in
561 3260 669 3323 divina
698 3282 844 3342 persona.
872 3259 970 3340 Quod
992 3260 1097 3319 decla-

134 3376 223 3428 ratur
246 3364 307 3427 sic:
333 3364 503 3447 Quidquid
526 3377 575 3429 est
592 3366 796 3449 perfectionis
820 3367 851 3428 in
876 3367 1029 3427 creaturis
1046 3367 1099 3425 de-

134 3474 188 3535 bet
212 3472 344 3535 attribui
370 3472 452 3546 Deo,
489 3485 600 3537 amota
635 3476 725 3535 omni
755 3473 1014 3555 imperfectione;
1040 3473 1096 3533 secl

134 3580 337 3642 substentare
360 3580 392 3641 in
416 3581 595 3643 substantia
618 3592 667 3643 est
691 3580 903 3661 perfectionis,
932 3578 1097 3642 informari

135 3696 246 3747 autern
270 3687 312 3749 ab
335 3687 501 3749 accidente
535 3698 584 3750 est
620 3687 887 3769 imperfectionis;
923 3708 1012 3769 ergo,
1045 3708 1097 3746 su-
