2600 4200
226 199 282 257 132
456 181 531 241 lun.
557 181 607 241 IV
633 179 938 244 Saurnu'nnnun

288 447 506 526 Quantum
530 448 587 510 nal
605 447 803 526 prinlum
834 449 911 509 dico
945 448 1038 528 quod
1068 451 1158 510 sicut

195 553 298 613 homo
322 556 535 634 compositus
558 564 611 615 est
634 574 678 615 ex
710 557 825 615 anima
857 565 892 615 et
926 572 1077 636 corpore,
1110 557 1159 616 ita

193 658 297 720 habet
320 659 485 740 quasdam
520 655 691 740 potentias
725 680 817 722 mere
852 662 1047 741 spirituales
1076 681 1155 741 quae

192 768 404 828 conveniunt
428 769 539 846 primo
563 769 697 837 animai,
723 779 757 828 et
773 778 846 829 toto
862 770 996 848 corpori
1012 788 1073 848 per
1089 771 1158 829 ani-

192 891 294 943 mam,
320 874 409 934 sicut
433 872 627 935 intellectus
651 884 685 934 et
709 875 879 935 voluntas.
908 874 1022 935 Etiam
1054 875 1157 936 habet

193 981 360 1060 quasdam
384 982 565 1059 potentias,
591 981 722 1042 scilicet
738 999 919 1062 corporeas
935 981 1158 1062 quaescilicet

194 1106 261 1146 non
286 1095 367 1147 sunt
390 1087 513 1148 animae
538 1105 599 1166 per
622 1105 659 1148 se
683 1088 744 1148 sed
767 1089 874 1148 totius
908 1088 1079 1168 conjuncti
1110 1107 1156 1148 ex

192 1211 335 1272 corpore
359 1203 393 1253 et
417 1195 539 1263 anima,
565 1195 654 1254 sicut
678 1204 772 1274 patet
796 1195 829 1255 in
855 1194 925 1254 Lib.
950 1195 987 1255 de
1009 1215 1101 1254 sensu
1126 1201 1159 1254 ct

191 1306 323 1359 sensato.

282 1407 424 1466 Secunda
447 1407 601 1466 dzate'ncte'o
625 1417 678 1468 est
701 1408 793 1487 quod
818 1409 958 1468 istarum
991 1410 1156 1488 potentia·

191 1531 266 1573 rum
302 1531 381 1591 quae
416 1524 496 1574 sunt
531 1516 636 1575 totius
670 1515 853 1595 conjuncti,
888 1515 1043 1594 quaedam
1074 1524 1156 1577 sunt

191 1621 304 1700 magis
328 1637 513 1699 corporeae,
531 1622 612 1700 quia
628 1632 817 1701 sequuntur
834 1632 989 1682 naturam
1002 1624 1157 1702 corporis

191 1726 303 1794 mixti,
328 1726 486 1805 quaedarn
511 1739 623 1788 autem
649 1738 729 1789 sunt
761 1729 874 1809 magis
905 1729 1154 1808 approximatae

191 1833 234 1891 ad
259 1841 414 1893 naturam
440 1833 572 1901 animae.
599 1835 688 1895 sicut
712 1845 792 1896 sunt
815 1834 884 1896 illae
906 1854 986 1915 quae
1010 1853 1156 1915 sequun-

190 1947 247 1998 tur
269 1957 395 2018 corpus
419 1941 604 2001 animatum
630 1943 831 2022 inquantum
857 1943 1052 2003 animatum.

281 2170 344 2233 De
366 2172 545 2233 scortando
569 2170 762 2234 Annicula
786 2191 876 2251 pono
900 2173 986 2233 duas
1012 2171 1156 2234 Conclu-

190 2277 320 2337 siones:

280 2384 403 2450 Prima,
432 2385 525 2463 quod
549 2383 707 2447 Christus
732 2386 765 2444 in
779 2382 996 2447 Euclraristia
1012 2406 1080 2447 non
1097 2406 1156 2467 po-

189 2498 258 2550 test
281 2490 331 2549 uti
356 2488 472 2569 aliqua
494 2492 648 2570 potentia
672 2492 784 2551 activa
807 2510 979 2571 corporea,
1004 2494 1078 2553 sive
1094 2492 1156 2553 illa

190 2598 235 2657 sit
258 2614 350 2656 mere
373 2616 537 2676 corporea
552 2616 767 2677 consequens
783 2606 938 2658 naturam
954 2600 1065 2666 mixti,
1078 2601 1153 2660 sive

189 2704 234 2763 sit
258 2710 421 2782 e'orporea
444 2722 659 2783 consequens
682 2713 791 2764 totum
816 2706 1012 2766 animatum.
1038 2704 1155 2765 Proba·

189 2815 250 2876 tur,
266 2810 360 2893 ¹quia
383 2812 495 2871 omnis
518 2812 673 2889 potentia
696 2812 809 2872 activa
831 2829 996 2890 corporea
1011 2814 1153 2892 requirit

188 2934 328 2995 passum
354 2918 388 2977 in
413 2918 504 2997 quod
528 2928 611 2999 agat
635 2920 912 2997 approximatum
944 2918 1008 2979 sibi
1041 2919 1153 2980 locali-

188 3030 254 3092 ter;
280 3022 340 3083 sed
365 3023 423 3084 illa
445 3026 600 3103 potentia
633 3034 669 3085 ut
703 3033 756 3085 est
790 3024 855 3094 hie,
892 3044 959 3085 non
995 3026 1153 3105 approxi-

188 3140 301 3189 matur
325 3130 424 3192 alicui
451 3130 617 3199 localiter;
644 3150 728 3211 ergo
752 3140 790 3191 ut
813 3132 868 3192 hic
885 3141 1021 3191 estnon
1038 3140 1153 3210 potest

189 3234 314 3296 habere
338 3256 477 3316 passum
502 3238 566 3299 sibi
593 3239 869 3317 approximatum
894 3238 928 3298 in
954 3238 1046 3316 quod
1058 3248 1151 3318 agat.

188 3344 298 3419 iilajor
321 3353 414 3423 patet
438 3362 466 3421 7.
492 3344 588 3421 Plavs.
614 3342 759 3424 Oportet
783 3346 874 3405 enim
899 3362 1007 3425 agens
1033 3363 1140 3425 corpo

188 3468 282 3508 reum
308 3469 383 3510 esse
407 3453 683 3529 approximatum
709 3470 811 3530 passo
834 3451 981 3511 mediate¹
1005 3450 1060 3512 vel
1093 3452 1153 3512 im-

188 3554 343 3614 mediate.
