2600 4200
278 285 341 350 150
534 271 609 334 Lm.
633 273 679 335 111
704 273 996 338 Scnranrmnun

328 477 425 545 Una
449 479 603 562 opinio
625 480 718 560 ponit
734 480 815 542 duas
834 481 1057 544 conclusiones
1080 502 1212 563 quarum

247 586 361 668 primo
384 595 452 648 est:
479 586 627 650 Christus
651 587 768 648 meruit
802 588 954 650 omnibus
977 589 1084 670 culpae
1110 589 1212 650 remis-

251 691 386 765 sionem,
412 694 526 774 gratiae
564 692 758 755 infusionem
793 703 825 754 et
860 695 973 776 gratiae
1012 695 1210 757 collationem

254 808 416 882 quantum
451 801 493 862 ad
527 800 762 862 sufficientiam.
798 799 948 863 Secundo
982 801 1141 864 conclusio
1170 811 1211 862 est

255 908 345 988 quod
368 927 435 970 non
460 907 576 969 meruit
599 907 651 970 illa
675 907 827 969 omnibus
859 916 1018 988 quantum
1042 909 1085 970 ad
1116 909 1211 971 effica-

252 1014 347 1076 ciam.

320 1116 464 1188 Prona
486 1119 676 1189 conclusio
692 1121 848 1202 probatur
865 1121 918 1182 sic:
937 1121 1076 1183 Persona
1094 1119 1208 1184 infinita

250 1236 358 1310 potest
381 1227 574 1290 sufficienter
608 1227 789 1290 satisfacere
812 1247 872 1308 pro
900 1226 1030 1290 infinitis
1064 1228 1208 1290 habendo

255 1335 407 1398 meritum
432 1333 611 1408 infinitum;
636 1334 692 1396 sed
717 1354 854 1416 persona
871 1334 989 1397 Christi
1005 1343 1053 1396 est
1077 1334 1205 1407 infinita3

253 1462 332 1524 ergo
356 1442 463 1522 potuit
486 1441 679 1504 sufficienter
713 1439 894 1504 satisfacere
925 1462 985 1523 pro
1009 1441 1137 1504 infinitis
1160 1441 1206 1502 lra-

253 1548 362 1610 bendo
387 1548 538 1610 meritum
561 1547 734 1610 infinitum.

320 1651 495 1722 Secundo
521 1653 710 1722 conclusio
745 1656 900 1736 probatur
924 1656 989 1717 sic:
1024 1676 1124 1738 agens
1146 1634 1203 1716 non

250 1761 319 1844 agit
343 1761 400 1823 nisi
425 1761 457 1824 in
481 1782 613 1843 passum
637 1761 840 1842 dispositum,
869 1762 945 1844 quia
967 1771 1059 1824 actus
1092 1762 1203 1824 activo-

251 1889 324 1930 rum
349 1877 424 1930 sunt
451 1868 483 1928 in
518 1867 661 1950 patiente
684 1867 841 1950 disposito
864 1889 906 1930 ca’
927 1887 959 1931 2.
983 1869 1021 1930 de
1044 1869 1171 1930 Aruina.
1188 1891 1201 1938 ,·

253 1975 308 2037 sed
333 1995 398 2036 non
416 1995 529 2036 omnes
552 1984 628 2037 sunt
643 1974 788 2056 dispositi
807 1975 848 2037 ad
867 1975 1050 2038 habendam
1075 1975 1200 2058 gratiam
1271 1983 1272 1988 ’

252 2091 285 2145 et
302 2083 457 2164 gloriam;
481 2104 561 2165 ergo
585 2104 649 2145 non
668 2081 785 2145 meruit
801 2082 861 2146 ista
877 2083 1029 2145 omnibus
1052 2091 1198 2165 quantum

248 2190 290 2251 ad
317 2190 530 2251 efficientiam.

319 2292 457 2365 Contra
479 2294 650 2388 primam
677 2294 955 2364 conclusionem
983 2297 1126 2379 arguitur
1146 2294 1197 2355 sic:
1270 2286 1271 2291 ’

250 2404 338 2465 nulla
362 2402 466 2465 forma
488 2413 537 2466 est
560 2403 730 2484 perfectior
753 2405 785 2467 in
818 2404 948 2487 agendo
981 2403 1141 2485 quamsit
1170 2400 1196 2459 in

247 2512 393 2582 essendo,
429 2511 505 2592 quia
531 2531 628 2592 agere
664 2532 832 2592 nunquam
867 2511 996 2573 excedit
1030 2530 1116 2584 esse;
1149 2506 1197 2569 sed
1269 2498 1270 2551 l

246 2637 324 2689 esse,
351 2618 382 2678 in
408 2627 522 2679 natura
546 2616 577 2679 in
601 2639 667 2699 qua
691 2616 838 2681 Christus
863 2619 1055 2691 merebatur,
1069 2624 1115 2680 est
1137 2613 1196 2675 fini·

245 2733 339 2802 tum;
363 2745 442 2805 ergo
467 2744 531 2786 non
557 2724 671 2787 habuit
696 2726 846 2786 meritum
871 2722 1042 2786 inlinitum.

316 2830 488 2905 Prconroa,
512 2831 655 2893 actiones
690 2839 916 2893 mensurantur
950 2832 1126 2893 secundum
1159 2846 1197 2888 ra·
1268 2814 1269 2851 ³

248 2938 369 2999 tionem
387 2938 505 3019 agendi
523 2958 587 2999 non
605 2937 784 2999 secundum
802 2936 959 2999 rationem
976 2934 1100 3019 agentis
1107 2958 1114 3013 ;
1129 2952 1197 3014 ergo

247 3044 394 3125 operatio
418 3044 470 3105 illa
493 3053 540 3106 cst
564 3043 664 3115 finita,
689 3064 764 3125 quae
787 3053 844 3117 est,
870 3044 901 3105 in
926 3044 1049 3107 ratione
1079 3039 1194 3124 agendi.

249 3149 349 3211 finita.
386 3150 450 3213 Sed
490 3151 641 3212 meritum
681 3150 800 3213 Christi
839 3151 1017 3213 secundum
1058 3158 1193 3211 naturam

248 3266 399 3329 creatam,
424 3266 514 3318 esta
541 3258 664 3319 ratione
698 3256 816 3339 agendi
852 3256 963 3331 finita;
1000 3278 1078 3341 ergo
1113 3252 1193 3316 meri-

246 3373 319 3425 tum
355 3384 419 3424 non
456 3362 515 3425 fuit
550 3362 722 3425 infinitum.
757 3364 801 3425 Et
832 3364 1013 3426 declaratur
1041 3362 1118 3425 ratio
1146 3378 1193 3440 per

244 3470 446 3549 exemplum,
460 3470 536 3552 quia
560 3470 633 3533 licet
656 3472 737 3532 velle
757 3471 789 3533 in
807 3470 935 3534 Christo
958 3480 1041 3533 esset
1064 3464 1192 3551 operatio

246 3573 379 3647 infinita,
405 3596 470 3637 non
497 3587 607 3639 tamen
631 3586 700 3639 erat
724 3577 756 3640 in
792 3576 964 3651 infinitum,
989 3578 1064 3659 quia
1096 3581 1190 3639 erata

245 3680 369 3741 ratione
391 3682 509 3762 agendi
534 3682 633 3748 finita.
