2600 4200
243 207 300 266 152
473 188 547 250 Lm.
574 187 625 248 IV
650 186 957 250 SENTENTIARUM

214 367 249 427 in
274 368 355 428 vino
380 375 418 427 ut
441 367 475 427 in
504 376 587 447 potu
623 367 813 447 principali.
850 366 1026 428 Cerevisia
1059 377 1176 428 tamen

213 472 293 553 plus
317 473 423 534 nutrit
447 473 489 533 de
512 491 581 553 qua
605 493 673 534 non
696 471 735 534 fit
758 475 886 534 mentio
910 475 991 552 quia
1019 490 1086 535 non
1122 484 1176 534 est

211 581 249 640 in
274 581 444 640 communi
470 599 544 640 usu.

303 686 369 746 Sed
387 693 493 746 contra
518 688 577 746 ista
605 695 787 747 occurrunt
821 694 969 765 quatuor
1003 687 1117 755 dubia,
1141 696 1176 747 et

210 793 280 854 tria
303 801 383 854 sunt
406 801 525 853 eontra
547 793 693 872 primam
716 790 991 862 conclusionem,
1015 802 1174 872 quartum

212 909 327 961 autem
351 908 470 960 contra
501 900 695 960 secundam.
721 898 878 966 Primum,
907 919 950 960 an
985 899 1027 960 de
1061 899 1175 960 amido

212 1016 331 1087 posset
353 1004 490 1067 formari
515 1007 615 1086 panis
638 1006 890 1067 consecrabilis.
916 1006 1102 1070 Secundum,
1131 1025 1175 1067 an

209 1113 256 1173 de
278 1111 388 1174 farina
411 1113 545 1174 triticea
567 1120 666 1193 pasta
688 1109 843 1173 confecta
867 1129 935 1173 non
953 1122 1067 1174 tamen
1078 1121 1176 1174 cocta

212 1229 329 1300 posset
363 1217 493 1280 confici.
535 1218 694 1284 Tertium,
734 1238 776 1279 an
811 1221 911 1299 panis
946 1221 1075 1280 azimus
1115 1228 1175 1279 aut

211 1323 436 1388 fermentatus
460 1327 504 1387 sit
528 1327 671 1387 materia
696 1326 905 1386 conveniens
944 1325 1024 1386 huic
1058 1323 1176 1387 Sacra-

212 1443 338 1494 mento.
367 1433 523 1506 Quarlum
548 1431 675 1491 dubium
700 1441 753 1492 est
776 1450 881 1511 quare
917 1433 997 1492 vino
1032 1433 1172 1512 apponi-

211 1548 269 1600 tur
293 1558 389 1618 aqua.

303 1645 359 1704 Ad
371 1647 515 1722 primum
540 1645 615 1704 dico
640 1644 732 1724 quod
757 1663 834 1714 non,
871 1645 952 1724 quia
985 1644 1176 1705 accidentia

209 1748 405 1812 differentia
428 1752 540 1830 specie
557 1760 708 1832 arguunt
725 1751 878 1831 subjecta
894 1748 1086 1812 differentia
1101 1768 1177 1830 spe-

209 1859 284 1929 cie;
310 1859 370 1920 sed
394 1857 543 1918 amidum
568 1868 601 1918 et
617 1858 717 1937 panis
733 1859 888 1919 triticeus
904 1857 1092 1919 secundum
1108 1876 1176 1918 me-

211 1965 308 2026 dicos
331 1964 458 2026 habent
482 1964 671 2026 accidentia
701 1962 894 2026 differentia
928 1965 1065 2044 specie;
1089 1983 1175 2046 ergo

208 2068 374 2133 differunt
398 2073 519 2152 speeie.
547 2069 615 2133 Sed
639 2071 739 2151 panis
769 2073 923 2134 triticeus
953 2081 1006 2133 est
1032 2073 1176 2134 materia

212 2180 352 2260 propria
374 2179 610 2240 conversionis
633 2180 668 2238 in
693 2176 827 2259 Corpus
843 2176 985 2249 Christi;
1003 2197 1088 2261 ergo
1104 2198 1174 2239 non

210 2286 373 2346 amidum.

303 2394 358 2451 Ad
377 2392 543 2452 secundum
567 2391 644 2452 dico
669 2392 761 2471 quod
784 2392 826 2453 de
849 2400 949 2471 pasta
976 2410 1043 2452 non
1060 2400 1175 2470 potest

211 2496 343 2565 confici.
369 2500 449 2578 quia
473 2496 583 2558 noluit
607 2496 765 2559 Christus
788 2499 823 2558 in
849 2496 1080 2559 Sacramentis
1100 2500 1174 2559 suis

208 2604 372 2666 -subtilem
412 2604 678 2683 disputationem
714 2604 756 2665 de
790 2601 982 2665 differentia
1015 2602 1176 2685 specifica

211 2712 312 2772 nobis
337 2713 519 2791 imponere.
546 2710 606 2771 sed
630 2711 722 2791 quod
746 2711 933 2772 habeamus
960 2730 1081 2792 panem
1117 2713 1176 2772 tri-

212 2819 337 2878 ticeum
363 2818 514 2878 usualem
540 2836 602 2897 pro
630 2819 773 2878 materia
806 2820 1092 2889 consecrationis;
1118 2837 1177 2897 pa·

211 2926 267 2985 nis
291 2934 403 2985 autem
429 2925 559 2985 usualis
583 2934 635 2985 est
659 2935 777 2985 coctus
800 2934 835 2985 et
859 2944 926 2985 non
944 2934 1043 3005 pasta
1057 2924 1173 2985 cruda.

303 3032 358 3090 Ad
381 3034 505 3090 tertium
530 3032 648 3092 dicunt
672 3029 785 3093 Graeei
821 3032 913 3112 quod
948 3050 1087 3092 necesse
1120 3040 1175 3092 est

208 3134 378 3197 conficere
403 3138 436 3197 in
462 3135 673 3199 fermentato.
699 3138 829 3199 Dicunt
852 3139 942 3200 enim
967 3138 1059 3219 quod
1079 3136 1177 3199 Chri·

208 3252 287 3303 stus
312 3262 434 3323 passus
457 3253 509 3305 est
532 3244 614 3305 luna
643 3266 690 3321 14.
716 3253 753 3305 ut
777 3245 978 3324 impleretur
1000 3242 1114 3327 figura
1129 3243 1177 3305 le-

213 3351 270 3431 gis
293 3350 335 3411 de
363 3369 454 3431 agno
489 3350 650 3430 paschali.
677 3350 746 3412 Sed
782 3352 870 3412 inter
901 3349 1042 3430 Judaeos
1075 3351 1176 3412 licuit

212 3467 294 3519 tunc
317 3458 442 3519 habere
465 3476 588 3537 panem
612 3454 851 3518 fermentatum
869 3459 904 3519 in
927 3477 1003 3528 usu,
1028 3466 1062 3519 et
1085 3476 1177 3518 com-

211 3566 361 3625 muniter
384 3565 582 3633 habebatur,
608 3582 675 3624 non
701 3566 790 3625 enim
808 3562 872 3625 fuit
896 3566 947 3625 eis
971 3563 1176 3625 interdictus
