2600 4200
331 287 519 350 Drsrmcr.
543 285 577 347 X
601 283 749 366 Qumsr.
775 286 790 347 1
1001 285 1042 362 83

105 489 201 570 aliqua
223 491 266 552 de
290 489 557 572 reduplicatione,
580 490 717 553 secundo
739 491 864 552 dicetur
898 490 941 552 ad
968 511 1064 572 quae-

107 596 248 659 stionem.

167 808 395 894 thantum
408 810 682 893 adprimum
696 819 771 872 sunt
784 808 843 871 tria
856 808 1064 871 declaranda.

160 913 299 984 Przlno
311 926 395 999 quot
407 926 482 979 sunt
494 938 613 999 genera
626 915 930 998 reduplicationum,
944 923 976 976 et
988 914 1065 976 dico

105 1024 183 1101 quod
193 1034 339 1105 quatuor
351 1024 532 1086 secundum
544 1033 685 1105 quatuor
695 1042 813 1104 genera
825 1041 1008 1082 causarum.
1018 1021 1066 1084 A·

106 1127 247 1209 liquando
261 1130 353 1192 enim
366 1129 404 1191 fit
424 1130 634 1211 reduplicatio
647 1129 828 1191 secundum
851 1148 983 1189 causam
1000 1127 1066 1211 effi-

103 1235 233 1298 cientem.
248 1237 467 1318 Exemplum,
493 1247 528 1298 ut
541 1257 617 1299 cum
638 1235 754 1298 dicitur
767 1244 868 1296 sortes
880 1245 913 1297 et
925 1235 1019 1296 Plato
1031 1235 1064 1296 in

103 1345 232 1424 eoquod
256 1353 336 1405 sunt
359 1343 422 1404 albi
435 1353 511 1405 sunt
527 1343 655 1405 similes.
670 1341 861 1423 Aliquando
881 1341 1064 1403 secundum

102 1466 222 1510 causam
258 1443 485 1522 materialem,
522 1459 558 1511 ut
597 1469 673 1511 cum
708 1449 826 1510 dicitur
860 1469 979 1528 corpus
1013 1468 1065 1508 or-

101 1555 244 1633 ganicum
281 1556 458 1638 physicum
494 1557 526 1617 in
558 1577 597 1617 eo
629 1556 719 1637 quod
754 1555 945 1636 organicum
979 1553 1065 1634 phy-

100 1659 194 1722 sicum
217 1673 269 1724 est
293 1661 492 1743 perfectibile
507 1663 549 1724 ab
565 1663 677 1724 anima
697 1662 854 1724 rationali.
872 1660 1065 1742 Aliquando

101 1764 133 1826 lit
155 1789 211 1848 per
233 1790 372 1830 causam
387 1770 579 1851 formalem,
593 1779 630 1831 ut
654 1790 729 1830 cum
755 1768 880 1842 dicitur,
898 1767 1016 1840 anima,
1032 1767 1064 1829 in

101 1884 255 1953 quantum
269 1875 390 1949 anima,
407 1885 457 1937 est
473 1875 627 1957 perfectio
647 1875 791 1956 corporis
814 1874 957 1956 organici
981 1873 1063 1954 phy-

99 1979 158 2040 sici.
181 1981 379 2063 Aliquando
393 2003 472 2044 vero
496 1981 532 2044 lit
551 1982 765 2063 reduplicatio
789 1981 968 2044 secundum
992 2001 1065 2042 cau-

98 2106 164 2149 sam
189 2087 346 2172 finalem,
372 2097 409 2151 ut
433 2108 515 2151 ‘cum
551 2089 668 2152 dicitur
702 2088 830 2162 sanitas,
854 2087 886 2149 in
910 2108 950 2150 eo
973 2089 1064 2169 quod

97 2195 221 2267 sanitas,
234 2204 286 2259 est
309 2194 382 2258 finis
407 2197 587 2258 medicinae.

159 2296 336 2369 Secundo
358 2311 406 2364 est
429 2303 610 2365 videndum
646 2302 697 2364 cui
733 2310 781 2364 est
804 2301 1000 2383 apponenda
1020 2322 1066 2362 re-

98 2405 272 2487 duplicatio
296 2408 329 2470 in
366 2408 597 2491 propositione,
622 2408 771 2488 subjecto
795 2408 843 2469 vel
874 2408 1062 2488 praedicato

98 2510 138 2573 Et
160 2514 238 2577 dico
261 2515 354 2596 quod
377 2525 426 2577 est
449 2516 645 2596 apponenda
670 2514 817 2595 subjecto
842 2514 918 2595 quia
941 2513 1065 2593 subjec-

97 2628 163 2680 tum
186 2630 238 2682 est
265 2641 365 2683 causa
400 2622 578 2703 praedicati,
604 2622 692 2683 unde
727 2642 793 2683 non
831 2621 912 2682 bene
947 2620 1064 2681 dicitur

96 2723 193 2789 homo
217 2737 267 2789 est
280 2728 401 2790 animal
425 2728 458 2791 in
474 2738 638 2810 quantum
662 2727 794 2802 animal,
816 2729 872 2789 sed
889 2728 985 2789 debet
1001 2727 1063 2789 dici

96 2829 194 2895 homo
218 2842 268 2895 est
291 2834 413 2897 animal
437 2835 469 2896 in
493 2845 655 2917 quantum
680 2834 803 2913 homo;
831 2834 975 2895 similiter
1010 2833 1065 2895 tri-

94 2941 234 3020 angulus
246 2940 278 3002 in
290 2961 332 3003 eo
343 2942 434 3022 quod
446 2941 639 3024 triangulus,
654 2941 751 3003 habet
763 2951 827 3003 tres
839 2940 987 3022 angulos;
1001 2950 1063 3007 etc.

161 3040 286 3113 Tertio
309 3056 359 3109 est
381 3047 560 3110 videndum
585 3048 638 3109 cui
660 3038 857 3129 apponenda
887 3057 935 3108 est
970 3048 1065 3108 redu-

95 3151 228 3230 plicatio
252 3153 284 3214 in
308 3154 512 3236 syllogismo,
524 3154 550 3216 si
573 3154 615 3216 ad
640 3154 798 3234 majorem
811 3152 1064 3228 extremitatem,

94 3258 142 3320 vel
179 3260 354 3345 minorem,
378 3260 430 3323 vel
464 3262 507 3323 ad
531 3260 689 3323 medium.
714 3260 760 3322 Et
782 3260 857 3322 dico
892 3260 982 3341 quod
1017 3270 1066 3321 est

94 3366 293 3445 apponenda
315 3366 358 3428 ad
382 3367 541 3447 majorem
577 3367 831 3440 extremitatem,
857 3367 940 3429 sicut
975 3375 1066 3447 patet

95 3489 151 3550 per
176 3470 415 3553 Philosophum
440 3475 472 3536 in
497 3472 670 3537 Prioribus
693 3483 727 3535 et
752 3473 944 3556 exemplum
968 3494 1065 3535 suum

92 3585 143 3637 est
165 3577 291 3640 ibidem
313 3578 420 3642 istud:
449 3580 623 3661 cujuslibet
657 3581 735 3643 boni
769 3590 818 3643 est
841 3580 1008 3660 disciplina
1033 3580 1065 3641 in

92 3684 242 3764 eoquod
265 3684 411 3766 bonum;
436 3688 494 3750 sed
518 3686 624 3750 omnis
645 3686 768 3768 justitia
792 3696 840 3749 est
855 3688 959 3763 bona;
983 3707 1064 3767 ergo
