2600 4200
301 158 490 221 Dls'rsnes.
509 159 683 222 XXXIX
709 159 860 240 Qoffiss.
879 160 932 222 ΙΙΙ
1025 182 1088 242 339
1139 119 1142 125 ,

145 340 261 399 mariti
285 347 366 400 sunt
390 336 507 399 affines
524 341 653 408 uxoris,
678 348 712 399 et
736 357 945 400 econverso
969 358 1110 401 consan-

147 445 266 525 guinei
291 445 410 505 uxoris
434 454 514 505 sunt
539 442 657 506 affines
673 446 797 506 mariti.
817 481 858 488 —
876 446 1018 506 Secunda
1036 453 1111 523 pro-

139 553 258 627 positio
281 561 334 612 est
357 551 449 630 quod
473 549 620 612 affinitas
644 551 744 611 durat
771 569 976 631 quocunque
999 552 1113 632 conju-

148 675 233 737 gum
267 666 413 725 mortuo,
449 666 487 718 ut
521 667 617 737 patet
636 677 690 734 35.
726 679 756 736 q.
792 659 847 718 ult.
872 657 1107 726 Fraternitotis,

144 765 231 822 circo
265 764 411 824 medium.
437 799 478 806 —
512 764 616 824 Tertio
644 766 817 841 propositio
850 774 904 826 est
936 764 1029 844 quod
1064 766 1114 826 ita

147 877 261 948 potest
292 869 399 930 dividi
435 867 582 932 affinitas
616 872 706 932 sicut
739 872 1024 952 consanguinitas
1058 881 1112 932 est

144 975 310 1037 distincta
333 977 368 1038 in
392 975 523 1056 Quaest.
549 977 706 1056 praeced.,
735 979 817 1057 quia
851 979 900 1038 ita
933 977 1111 1040 descendit

144 1095 209 1162 per
232 1083 356 1145 lineam
380 1092 507 1145 rectam
531 1093 565 1144 et
588 1083 853 1145 transversalem
877 1103 938 1164 per
961 1094 1013 1145 tot
1035 1103 1113 1166 gra·

144 1188 222 1270 dus,
257 1197 295 1251 ut
329 1191 375 1250 sit
409 1190 487 1251 talis
522 1191 664 1271 regula:
701 1200 808 1270 quoto
843 1190 952 1271 gradu
985 1191 1112 1270 aliquis

144 1295 252 1356 distat
275 1296 318 1356 ab
341 1296 409 1357 alio
433 1297 467 1356 in
491 1297 801 1377 consanguinitate,
827 1306 901 1358 toto
918 1296 1027 1378 gradu
1044 1297 1112 1358 dis-

144 1410 197 1462 tat
221 1403 256 1463 in
280 1400 452 1463 affinitate.
479 1438 520 1446 —
547 1402 672 1477 Quarto
689 1405 863 1480 propositio
886 1412 939 1464 est
955 1403 1047 1483 quod
1064 1401 1112 1464 af·

145 1505 261 1569 finitas
284 1527 353 1570 non
377 1509 487 1570 solum
519 1509 732 1570 contrahitur
755 1528 817 1590 per
839 1511 1107 1578 matrimonium,

145 1616 252 1685 immo
285 1635 346 1695 per
380 1617 507 1676 coitum
542 1613 772 1686 fornicarium,
798 1627 837 1694 ut
871 1624 966 1697 patet
988 1617 1108 1678 Extra.
1136 1688 1138 1691 ¹

145 1722 199 1782 De
215 1723 474 1799 probationibus:
499 1723 565 1783 Per
587 1729 666 1783 tuas.

236 1829 376 1889 Secundo
398 1830 549 1890 breviter
561 1831 637 1891 dico
649 1829 693 1892 ad
705 1828 941 1909 Quaestionem
954 1830 1048 1909 quod
1064 1827 1111 1890 af·

144 1919 261 1996 finitas
285 1937 486 2016 simpliciter
508 1937 651 2016 impedit
675 1937 939 2006 matrimonium,
965 1947 1000 1997 et
1020 1937 1108 1998 ratio

145 2061 214 2104 non
239 2052 291 2104 est
315 2044 380 2104 nisi
405 2052 570 2105 statutum
588 2042 754 2105 Ecclesiae
772 2043 1024 2125 illegitimantis
1040 2040 1110 2104 affi-

142 2168 217 2217 nes,
242 2159 276 2210 et
300 2151 334 2210 in
358 2150 477 2210 eodem
502 2151 612 2231 gradu
637 2151 780 2229 impedit
803 2151 1058 2211 matrimonium
1072 2151 1108 2211 in

143 2274 215 2335 quo
238 2256 540 2337 consanguinitas;
566 2266 600 2317 et
624 2257 688 2317 hoc
712 2258 849 2337 quidem
875 2257 917 2317 de
940 2253 1105 2317 affinitate

144 2362 283 2441 proprie
306 2363 397 2423 dicta
421 2363 521 2423 titulo
556 2364 615 2424 illo
642 2365 692 2423 De
725 2366 932 2441 consanguin.
957 2370 988 2423 et
1019 2363 1108 2441 affin.

141 2474 211 2545 cop.
236 2470 310 2529 Non
333 2469 441 2537 debet:
465 2470 689 2531 consimiliter
718 2471 760 2531 de
795 2468 959 2531 affinitate
993 2478 1111 2531 exten-

146 2576 230 2644 sive,
256 2585 289 2636 et
313 2578 538 2637 communiter
561 2576 653 2637 dieta
677 2595 755 2656 quae
783 2587 925 2637 vocatur
959 2576 1108 2655 publicae

146 2681 336 2743 honestatis
357 2684 501 2762 justitia,
527 2684 644 2743 Extra.
663 2684 714 2743 De
729 2703 875 2760 consang.
893 2689 923 2742 ot
936 2682 1024 2761 affin.
1041 2704 1066 2744 c.
1079 2702 1107 2744 r.

235 2895 297 2957 An
320 2909 593 2957 ARGUMENTUM
619 2899 651 2955 in
676 2898 869 2955 contrarium
903 2896 979 2956 dico
1013 2895 1107 2973 quod

145 3000 293 3064 affinitas
317 3014 370 3064 est
392 3001 533 3065 effectus
556 3003 762 3064 matrimonii
791 3002 967 3081 cujusdam
984 3020 1111 3081 praece·

143 3108 268 3177 dentis,
294 3119 328 3171 et
352 3108 436 3171 illud
460 3130 527 3171 non
552 3109 696 3189 impedit
726 3109 829 3178 aliud,
854 3110 985 3170 scilicet
1020 3109 1109 3169 inter

134 3216 225 3277 ‚illos
249 3218 337 3277 inter
361 3234 447 3295 quos
471 3236 531 3296 per
559 3217 814 3277 matrimonium
849 3225 901 3276 est
931 3223 1107 3275 contracta

144 3320 303 3384 affinitas.
