2600 4200
320 281 508 345 Disrurcr.
533 280 582 344 XI
605 278 755 360 Qunsr.
780 279 810 342 ΙΙ
1011 294 1050 360 95

112 497 185 550 tunc
208 488 396 570 propositio
419 497 469 550 est
491 486 588 565 falsa3
612 497 670 550 aut
692 486 880 570 intelligitur
896 487 937 550 de
961 496 1075 550 natura

113 593 262 669 humana,
289 605 326 658 et
351 604 431 657 ωηο
453 602 502 657 est
524 615 610 656 vera.

172 699 293 769 Alius
316 699 458 770 modus
478 698 630 768 dicendi
641 709 692 764 est
710 702 800 783 quod
818 701 877 764 ista
898 701 1077 783 propositio

113 819 155 872 est
168 810 417 892 distinguenda,
433 808 510 890 quia
522 817 634 890 potest
649 808 844 870 considerari
859 809 908 870 vel
925 829 967 870 ex
984 818 1076 890 parte

112 915 248 994 subjecti,
278 917 334 978 vel
360 937 404 977 ex
428 925 519 997 parte
535 914 720 996 prcedicati.
740 915 795 976 Ex
819 925 911 998 parte
940 915 1075 996 subjecti

111 1024 358 1085 considerantur
381 1023 449 1084 duo
462 1022 590 1095 ‚scilicet
614 1031 730 1084 natura
752 1031 785 1084 et
808 1043 954 1104 persona.
973 1021 1007 1086 Si
1023 1043 1076 1084 au-

110 1137 171 1192 tem
192 1129 382 1211 accipiatur
413 1129 446 1191 in
480 1129 627 1209 subjecto
663 1138 784 1190 natura
819 1128 963 1190 humana
998 1137 1075 1191 tunc

110 1237 285 1318 propositio
310 1244 365 1298 est
399 1255 492 1308 vera;
517 1235 542 1298 si
576 1244 687 1298 autem
722 1234 899 1316 accipiatur
928 1246 1075 1316 persona,

109 1351 181 1406 ωηο
202 1353 252 1406 est
277 1341 525 1424 distinguenda,
538 1343 614 1424 quia
637 1343 689 1405 vel
712 1343 869 1416 absolute,
890 1352 923 1404 et
939 1352 1016 1405 ωηο
1029 1353 1077 1404 est

108 1447 190 1526 saun
214 1451 268 1512 vel
295 1449 429 1511 ratione
444 1458 569 1510 naturae
593 1459 782 1529 assumptae,
800 1459 831 1510 ct
843 1458 922 1511 ωηο
938 1459 987 1511 est
1002 1470 1076 1512 vera

107 1556 163 1618 sub
185 1557 250 1618 hoc
275 1575 403 1620 sensu:
432 1554 580 1618 Christus
605 1555 726 1636 incepit
760 1576 838 1629 esse,
863 1555 944 1617 idest
980 1555 1076 1618 habet

106 1662 233 1744 aliquod
257 1684 336 1726 esse
360 1662 452 1744 quod
476 1661 564 1742 prius
580 1682 645 1724 non
671 1662 793 1728 habuit.
812 1663 856 1724 Et
872 1683 914 1723 ex
931 1661 980 1724 his
996 1664 1076 1725 duo-

106 1769 162 1832 bus
182 1771 293 1834 modis
320 1769 447 1831 ultimis
470 1769 596 1830 dicendi
621 1778 711 1851 patet
726 1770 768 1830 ad
785 1779 978 1851 argumenta
994 1771 1077 1852 prin-

104 1877 224 1960 cipalia.
