2600 4200
325 237 514 300 Drsrmcr.
541 239 663 301 XLIII
690 239 842 320 Qua-:su
868 241 902 302 II
1020 264 1081 322 347

143 437 206 478 nec
231 425 303 478 tota
327 425 493 496 separata.
519 453 561 461 —
579 418 749 487 Praeterea,
770 420 901 481 nullum
916 422 1105 484 violentum

143 532 367 603 perpetuum;
394 524 454 584 sed
478 526 649 604 separatio
674 527 798 586 animae
834 547 855 587 a
888 546 1029 608 corpore
1052 538 1105 590 est

141 630 303 700 violenta,
344 633 423 710 quia
462 641 580 691 contra
619 633 875 693 inclinationem
915 636 1103 696 naturalem

141 739 287 808 animae;
305 755 397 818 ,ergo
421 739 520 798 istam
546 736 689 800 formam
715 739 908 819 specificam
934 761 1002 803 non
1027 761 1104 802 esse

139 852 308 924 perpetuo
324 855 515 924 separatam
532 853 739 924 potestesse
756 848 957 908 naturaliter
974 857 1102 909 notum.

231 949 301 1012 Sed
323 962 443 1012 contra
465 953 565 1012 istam
591 954 787 1032 opinionem
816 964 980 1034 tanquam
1017 956 1104 1016 nihil

139 1058 352 1137 probantem,
365 1059 523 1139 arguitur
546 1061 609 1119 sic:
627 1061 709 1138 quia
726 1059 821 1120 nulla
838 1061 980 1123 istarum
998 1063 1101 1123 trium

139 1165 414 1244 propositionum
434 1172 487 1225 est
507 1165 706 1226 naturaliter
725 1167 968 1237 demonstrata,
981 1169 1024 1229 ad
1044 1171 1104 1230 mi·
1155 1229 1158 1232 ,

141 1270 381 1332 nus'secunda
403 1281 438 1332 et
461 1259 570 1332 tertia.
598 1273 711 1332 Prima
728 1275 831 1334 etiam
848 1271 950 1334 suita
965 1277 1103 1355 magnis

141 1376 363 1456 Philosophis
387 1387 522 1457 negata,
548 1379 637 1438 sicut
664 1387 758 1458 patet
778 1398 810 1455 3.
836 1380 873 1438 de
897 1382 1018 1440 Anima
1042 1401 1104 1462 per

140 1483 330 1544 Comment.
355 1485 413 1562 qui
439 1502 602 1563 expresse
627 1494 733 1565 negat
759 1504 843 1546 eam.
870 1485 1038 1548 SImiliter
1059 1509 1104 1548 se-

137 1591 239 1650 cunda
275 1608 342 1649 non
378 1598 430 1650 est
457 1589 658 1650 naturaliter
692 1591 934 1661 demonstrata,
971 1594 1101 1655 scilicet

139 1696 231 1776 quod
255 1697 368 1756 anima
392 1696 437 1756 sit
466 1697 745 1776 incorruptibilis,
780 1717 858 1759 cum
893 1701 1099 1780 principium

139 1804 185 1864 sit
209 1803 300 1882 apud
324 1801 582 1882 Philosophum,
608 1822 709 1865 omne
733 1805 818 1865 illud
852 1806 979 1867 desinit
1013 1826 1099 1876 esse,

138 1909 181 1993 (r.
212 1909 290 1969 Coelz'
321 1915 351 1968 et
383 1905 508 1988 numdi)
543 1909 634 1989 quod
670 1911 772 1971 habet
805 1913 1011 1991 principium
1047 1914 1100 1974 sui

137 2035 223 2077 esse.
238 2015 310 2078 Nec
334 2017 485 2076 rationes
502 2017 577 2076 istae
593 2018 812 2086 convincunt,
831 2027 868 2078 ut
883 2018 1012 2080 dictum
1035 2017 1101 2081 fuit

138 2126 173 2185 iu
200 2144 227 2185 2.
254 2123 366 2184 Libro
392 2123 446 2185 De
470 2126 561 2183 lertz'a
586 2126 821 2204 propositione
844 2126 982 2187 videtur
1008 2129 1100 2208 quod

138 2250 206 2291 non
231 2232 276 2291 sit
300 2231 500 2292 naturaliter
531 2231 782 2303 demonstrata;
808 2234 889 2311 quia
923 2234 952 2293 si
987 2233 1101 2294 Philo-

137 2337 268 2417 sophus
307 2338 480 2417 posuisset
519 2338 667 2398 ammam
709 2338 946 2410 immortalem,
985 2342 1100 2421 magis

137 2444 311 2522 posuisset
322 2462 395 2503 eam
413 2452 578 2523 perpetuo
595 2463 732 2505 manere
748 2446 823 2505 sine
839 2464 980 2525 corpore
996 2465 1098 2526 quam

137 2550 172 2610 in
196 2568 347 2629 corpore,
371 2550 453 2629 quia
475 2568 575 2609 omne
599 2551 826 2629 compositum
851 2570 896 2612 ex
916 2554 1096 2615 contrariis

136 2666 190 2717 est
212 2657 442 2735 corruptibile.
468 2655 541 2716 Nec
576 2658 725 2717 rationes
761 2657 917 2719 adductae
952 2661 1099 2739 probant

136 2764 238 2825 istam
273 2764 563 2843 propesitionem;
599 2781 677 2823 nam
716 2782 794 2823 cum
833 2766 977 2826 dicitur:
1017 2786 1098 2846 pars

135 2880 235 2933 extra
268 2880 378 2931 totum
414 2878 467 2931 est
501 2867 709 2949 imperfecta,
724 2870 819 2956 ,dico
854 2873 946 2950 quod
978 2892 1097 2934 verum

135 2986 189 3039 est
213 2977 255 3037 de
277 2986 374 3057 parte
409 2994 488 3056 quae
523 2978 644 3056 recipit
668 2976 818 3057 aliquam
852 2977 1096 3058 perfectionem

137 3086 172 3145 in
196 3092 289 3155 toto;
315 3084 429 3143 anima
452 3092 565 3144 autem
590 3103 658 3144 non
682 3085 814 3164 recipit,
843 3087 948 3147 immo
982 3088 1096 3167 magis

135 3191 365 3250 communicat
387 3186 631 3269 perfectionem
655 3209 753 3251 suam
787 3193 932 3271 corpori,
957 3202 991 3253 et
1015 3201 1096 3254 tunc

134 3306 253 3376 posset
276 3298 363 3357 ratio
401 3296 490 3357 trahi
525 3297 568 3357 ad
595 3298 803 3377 oppositum,
828 3300 910 3377 quia
944 3318 1012 3360 non
1047 3318 1097 3360 re·

133 3412 270 3485 pugnat
297 3404 398 3465 alicui
423 3422 522 3483 aeque
545 3400 695 3483 perfecte
719 3405 754 3464 in
778 3424 816 3465 se
843 3424 990 3476 manere,
1016 3406 1095 3466 licet

134 3510 232 3571 alteri
257 3530 326 3571 non
349 3511 577 3571 communicet
600 3507 844 3589 perfectionem
880 3530 998 3584 suam;
1035 3512 1095 3573 sed

133 3619 249 3677 anima
272 3626 385 3678 manet
409 3636 508 3697 aeque
531 3614 681 3697 perfecte
708 3618 743 3678 in
771 3637 847 3679 esse
865 3638 927 3680 suo
943 3620 1093 3699 propri0,

987 3756 1014 3798 zi
