2600 4200
331 233 520 298 Dsssmcs.
546 235 597 297 IV
623 234 776 316 Qussss.
802 235 854 298 ΙΙΙ
1023 258 1064 316 59

131 427 185 472 ces
205 413 240 472 in
263 413 360 482 mari,
383 415 568 492 simpliciter
590 414 666 475 vult
688 425 723 474 et
736 415 905 474 secundum
921 416 1001 494 quid
1016 435 1085 478 non

130 517 210 588 vult,
233 527 273 580 ut
295 528 391 599 patet
414 540 443 598 3.
468 517 580 581 Ethic.
615 539 689 601 cap.
726 521 778 580 De
810 523 988 581 voluntario
1013 529 1086 600 per-

130 626 234 686 mixto.
260 623 307 686 Et
331 625 517 688 secundum
542 626 602 689 illa
625 627 702 688 dico
719 628 761 688 ad
777 627 869 688 hunc
885 627 1083 690 Articulum

131 739 197 791 tres
218 729 475 794 Conclusiones

212 838 328 898 Prima
350 847 403 900 est
426 839 518 919 quod
550 859 618 901 non
653 841 872 902 consentiens
905 843 1089 920 simpliciter

129 961 187 1004 nec
207 945 375 1004 secundum
406 946 491 1024 quui,
530 966 599 1007 non
634 947 756 1028 recipit
786 947 1001 1028 Baptismum
1025 967 1087 1011 nec

128 1046 282 1112 effectum
307 1050 488 1132 Baptismi,
512 1055 594 1133 quia
616 1052 713 1114 Deus
751 1073 819 1115 non
854 1054 930 1116 vult
964 1055 1088 1117 adscri-

128 1155 204 1218 bere
227 1157 369 1220 familiae
393 1178 467 1220 suae
491 1159 640 1241 aliquem
665 1162 805 1222 omnino
832 1162 993 1232 invitum;
1027 1163 1088 1224 sed

129 1263 334 1326 dissentiens
357 1266 559 1346 simpliciter
581 1275 615 1328 et
639 1267 826 1329 secundum
850 1267 933 1347 quid
950 1279 1002 1329 est
1018 1287 1088 1330 om-

128 1371 206 1432 nino
229 1373 375 1444 invitus;
400 1391 485 1454 ergo
510 1372 606 1434 Deus
630 1393 699 1435 non
734 1373 809 1435 vult
842 1374 934 1436 hunc
965 1374 1088 1437 adscri-

127 1495 205 1538 vere
237 1476 380 1540 familiae
415 1498 497 1549 suae,
526 1480 606 1541 talis
629 1489 744 1541 autem
775 1480 1024 1544 adscriberetur
1056 1484 1087 1544 si

126 1585 291 1665 reciperet
313 1584 530 1665 Baptismum
554 1595 589 1647 et
612 1584 770 1648 effectum
786 1587 966 1668 Baptismi.

135 1729 138 1734 -
212 1691 357 1752 Secunda
385 1693 547 1753 Conclusio
569 1703 622 1754 est
645 1694 738 1774 quod
769 1694 953 1755 dissentiens
983 1715 1088 1755 secun-

126 1797 197 1858 dum
219 1799 307 1878 quid,
336 1807 370 1860 et
393 1801 584 1860 consentiens
617 1802 810 1878 simpliciter,
849 1802 970 1881 recipit
1001 1801 1089 1882 Bap-

128 1904 276 1974 tismum,
301 1906 390 1966 sicut
413 1916 508 1986 patet
531 1907 574 1968 de
598 1907 659 1968 illo
683 1907 741 1987 qui
766 1909 936 1970 consentit
947 1919 1088 1988 propter

125 2013 243 2074 minas.
271 2011 348 2074 Hoc
371 2021 467 2093 patet
490 2013 606 2074 Extra.
631 2015 670 2073 de
692 2015 853 2091 Baptismo
882 2021 913 2074 et
947 2017 1014 2093 ejus
1044 2015 1088 2091 qs·

116 2116 205 2192 fectu
227 2127 295 2198 cap.
321 2120 469 2198 Majores,
498 2120 557 2183 ubi
592 2121 717 2183 dicitur
751 2120 844 2201 quod
874 2122 1011 2201 quidam
1044 2121 1087 2183 ad

126 2224 408 2288 christianitatem
433 2229 541 2289 coacti
567 2237 658 2298 sunt,
682 2237 717 2289 et
741 2227 841 2289 nobis
864 2238 944 2289 sunt
971 2226 1088 2290 Sacra-

125 2335 249 2397 mentis
272 2333 401 2395 divinis
423 2334 553 2395 sociati.

220 2442 327 2501 Tertzit
355 2440 516 2501 Conclusio
539 2450 591 2502 est
623 2441 717 2522 quod
750 2442 780 2502 si
815 2459 883 2502 non
918 2443 1088 2503 consentit

125 2550 276 2623 negatrhe,
314 2548 445 2628 recipit,
472 2546 699 2627 Baptismum,
735 2549 817 2629 quia
850 2567 918 2610 non
953 2558 1088 2627 oportet

125 2670 259 2733 semper
283 2654 318 2715 in
342 2650 574 2715 Sacramentis
597 2655 750 2735 praebere
761 2654 929 2715 actualem
946 2673 1086 2716 consen·

124 2777 209 2829 sum,
235 2761 326 2821 sicut
348 2768 443 2841 patet
466 2760 509 2821 de
533 2757 719 2823 Sacerdote
741 2759 942 2823 conficiente
963 2779 1087 2841 corpus

125 2862 263 2936 Christi,
288 2866 370 2946 quia
393 2866 531 2946 quando
556 2876 734 2929 consecrat
757 2876 871 2948 potest
899 2867 979 2929 alibi
997 2870 1088 2949 cogi·

123 2978 194 3033 tare
217 2981 254 3033 et
277 2990 345 3034 non
370 2972 496 3035 habere
520 2974 688 3037 actualem
713 2975 1019 3036 considerationem
1045 2975 1087 3036 ad

123 3094 249 3160 corpus
273 3076 410 3141 Christi.

215 3291 384 3356 Tertius
407 3290 629 3357 Articulus
652 3305 705 3355 est
729 3293 771 3353 de
794 3294 912 3355 adulto
936 3291 1013 3355 ficte
1039 3313 1088 3355 rc·

123 3398 282 3478 cipiente‚
307 3400 336 3460 si
361 3399 441 3461 talis
464 3400 585 3480 recipit
609 3399 827 3480 Baptismum
861 3409 896 3461 et
928 3397 1086 3463 effectum

122 3503 306 3585 Baptismi.
330 3504 377 3567 Et
392 3506 471 3566 dico
494 3506 586 3586 quod
609 3504 711 3569 fictus
734 3508 770 3567 in
801 3506 996 3586 recipiendo
1030 3528 1088 3587 po

124 3618 190 3673 test
214 3612 400 3692 dupliciter
423 3630 512 3675 esse:
