<?xml version="1.0" encoding="UTF-8"?>
<!DOCTYPE html PUBLIC "-//W3C//DTD XHTML 1.0 Transitional//EN"
    "http://www.w3.org/TR/xhtml1/DTD/xhtml1-transitional.dtd">
<html xmlns="http://www.w3.org/1999/xhtml" xml:lang="en" lang="en">
 <head>
  <title>
</title>
<meta http-equiv="Content-Type" content="text/html;charset=utf-8" />
  <meta name='ocr-system' content='tesseract 3.04.00' />
  <meta name='ocr-capabilities' content='ocr_page ocr_carea ocr_par ocr_line ocrx_word'/>
</head>
<body>
  <div class='ocr_page' id='page_1' title='image "./commentariainli02scotgoog_0085.png"; bbox 0 0 2600 4200; ppageno 0'>
   <div class='ocr_carea' id='block_1_1' title="bbox 301 243 1055 325">
    <p class='ocr_par' dir='ltr' id='par_1_1' title="bbox 301 243 1055 325">
     <span class='ocr_line' id='line_1_1' title="bbox 301 243 1055 325; baseline -0.001 -18"><span class='ocrx_word' id='word_1_1' title='bbox 301 246 491 312; x_wconf 77' lang='lat' dir='ltr'>Drsrnrer.</span> <span class='ocrx_word' id='word_1_2' title='bbox 516 245 596 307; x_wconf 84' lang='lat' dir='ltr'>VIII</span> <span class='ocrx_word' id='word_1_3' title='bbox 622 243 808 325; x_wconf 75' lang='lat' dir='ltr'>QuAEsr.I</span> <span class='ocrx_word' id='word_1_4' title='bbox 1010 245 1055 322; x_wconf 88' lang='lat'>69</span> 
     </span>
    </p>
   </div>
   <div class='ocr_carea' id='block_1_2' title="bbox 104 448 1080 2026">
    <p class='ocr_par' dir='ltr' id='par_1_2' title="bbox 107 448 1080 852">
     <span class='ocr_line' id='line_1_2' title="bbox 107 448 1075 533; baseline -0.001 -21"><span class='ocrx_word' id='word_1_5' title='bbox 107 450 191 513; x_wconf 86' lang='lat' dir='ltr'>hanc</span> <span class='ocrx_word' id='word_1_6' title='bbox 206 450 413 512; x_wconf 84' lang='lat' dir='ltr'>formam—</span> <span class='ocrx_word' id='word_1_7' title='bbox 434 448 659 533; x_wconf 74' lang='lat' dir='ltr'>Corrfirmatm</span> <span class='ocrx_word' id='word_1_8' title='bbox 673 471 730 532; x_wconf 89' lang='lat' dir='ltr'>per</span> <span class='ocrx_word' id='word_1_9' title='bbox 741 459 907 512; x_wconf 84' lang='lat' dir='ltr'>auctorem</span> <span class='ocrx_word' id='word_1_10' title='bbox 927 450 957 511; x_wconf 82' lang='lat'>6.</span> <span class='ocrx_word' id='word_1_11' title='bbox 966 450 1075 530; x_wconf 81' lang='lat' dir='ltr'>princ.</span> 
     </span>
     <span class='ocr_line' id='line_1_3' title="bbox 107 556 1077 639; baseline 0 -21"><span class='ocrx_word' id='word_1_12' title='bbox 107 559 162 639; x_wconf 91' lang='lat' dir='ltr'>qui</span> <span class='ocrx_word' id='word_1_13' title='bbox 185 557 266 619; x_wconf 89' lang='lat' dir='ltr'>dicit</span> <span class='ocrx_word' id='word_1_14' title='bbox 301 558 393 639; x_wconf 91' lang='lat' dir='ltr'>quod</span> <span class='ocrx_word' id='word_1_15' title='bbox 421 567 536 619; x_wconf 87' lang='lat' dir='ltr'>natura</span> <span class='ocrx_word' id='word_1_16' title='bbox 564 558 700 619; x_wconf 86' lang='lat' dir='ltr'>latenter</span> <span class='ocrx_word' id='word_1_17' title='bbox 723 567 876 638; x_wconf 82' lang='lat' dir='ltr'>operatur</span> <span class='ocrx_word' id='word_1_18' title='bbox 893 557 924 618; x_wconf 91' lang='lat' dir='ltr'>in</span> <span class='ocrx_word' id='word_1_19' title='bbox 949 557 1007 627; x_wconf 88' lang='lat' dir='ltr'>his,</span> <span class='ocrx_word' id='word_1_20' title='bbox 1031 556 1077 618; x_wconf 91' lang='lat' dir='ltr'>ita</span> 
     </span>
     <span class='ocr_line' id='line_1_4' title="bbox 107 663 1080 745; baseline -0.001 -20"><span class='ocrx_word' id='word_1_21' title='bbox 107 666 195 744; x_wconf 88' lang='lat' dir='ltr'>quod</span> <span class='ocrx_word' id='word_1_22' title='bbox 220 665 405 726; x_wconf 88' lang='lat' dir='ltr'>secundum</span> <span class='ocrx_word' id='word_1_23' title='bbox 429 685 505 726; x_wconf 88' lang='lat' dir='ltr'>eum</span> <span class='ocrx_word' id='word_1_24' title='bbox 530 675 646 726; x_wconf 84' lang='lat' dir='ltr'>natura</span> <span class='ocrx_word' id='word_1_25' title='bbox 670 664 777 745; x_wconf 92' lang='lat' dir='ltr'>primo</span> <span class='ocrx_word' id='word_1_26' title='bbox 803 663 942 726; x_wconf 88' lang='lat' dir='ltr'><strong>intendit</strong></span> <span class='ocrx_word' id='word_1_27' title='bbox 968 664 1080 744; x_wconf 87' lang='lat' dir='ltr'>singu·</span> 
     </span>
     <span class='ocr_line' id='line_1_5' title="bbox 107 771 701 852; baseline 0 -20"><span class='ocrx_word' id='word_1_28' title='bbox 107 772 172 833; x_wconf 87' lang='lat' dir='ltr'>lare</span> <span class='ocrx_word' id='word_1_29' title='bbox 194 781 228 833; x_wconf 90' lang='lat' dir='ltr'>et</span> <span class='ocrx_word' id='word_1_30' title='bbox 252 780 490 852; x_wconf 83' lang='lat' dir='ltr'>consequenter</span> <span class='ocrx_word' id='word_1_31' title='bbox 513 771 701 833; x_wconf 87' lang='lat' dir='ltr'>universale.</span> 
     </span>
    </p>

    <p class='ocr_par' dir='ltr' id='par_1_3' title="bbox 104 877 1078 2026">
     <span class='ocr_line' id='line_1_6' title="bbox 176 877 1078 958; baseline -0.001 -19"><span class='ocrx_word' id='word_1_32' title='bbox 176 878 350 948; x_wconf 82' lang='lat' dir='ltr'>Praeterea,</span> <span class='ocrx_word' id='word_1_33' title='bbox 365 877 395 938; x_wconf 92' lang='lat' dir='ltr'>in</span> <span class='ocrx_word' id='word_1_34' title='bbox 420 877 553 939; x_wconf 87' lang='lat' dir='ltr'>materia</span> <span class='ocrx_word' id='word_1_35' title='bbox 577 887 654 938; x_wconf 91' lang='lat' dir='ltr'>sunt</span> <span class='ocrx_word' id='word_1_36' title='bbox 666 878 827 939; x_wconf 71' lang='lat' dir='ltr'>distinctae</span> <span class='ocrx_word' id='word_1_37' title='bbox 851 878 1007 958; x_wconf 60' lang='lat' dir='ltr'>potentia}</span> <span class='ocrx_word' id='word_1_38' title='bbox 1021 898 1078 938; x_wconf 91' lang='lat' dir='ltr'>nu-</span> 
     </span>
     <span class='ocr_line' id='line_1_7' title="bbox 107 982 1076 1066; baseline -0.001 -21"><span class='ocrx_word' id='word_1_39' title='bbox 107 1005 200 1046; x_wconf 87' lang='lat' dir='ltr'>mero</span> <span class='ocrx_word' id='word_1_40' title='bbox 216 985 259 1045; x_wconf 82' lang='lat' dir='ltr'>ad</span> <span class='ocrx_word' id='word_1_41' title='bbox 285 982 407 1045; x_wconf 79' lang='lat' dir='ltr'>formas</span> <span class='ocrx_word' id='word_1_42' title='bbox 419 984 602 1059; x_wconf 89' lang='lat' dir='ltr'>distinctas;</span> <span class='ocrx_word' id='word_1_43' title='bbox 627 1005 707 1066; x_wconf 83' lang='lat' dir='ltr'>crgo</span> <span class='ocrx_word' id='word_1_44' title='bbox 720 985 752 1046; x_wconf 91' lang='lat' dir='ltr'>in</span> <span class='ocrx_word' id='word_1_45' title='bbox 776 984 923 1065; x_wconf 91' lang='lat' dir='ltr'>subjecto</span> <span class='ocrx_word' id='word_1_46' title='bbox 940 994 1076 1065; x_wconf 83' lang='lat' dir='ltr'>possunt</span> 
     </span>
     <span class='ocr_line' id='line_1_8' title="bbox 105 1091 1076 1172; baseline 0 -20"><span class='ocrx_word' id='word_1_47' title='bbox 105 1111 178 1152; x_wconf 87' lang='lat' dir='ltr'>esse</span> <span class='ocrx_word' id='word_1_48' title='bbox 202 1091 298 1172; x_wconf 90' lang='lat' dir='ltr'>plura</span> <span class='ocrx_word' id='word_1_49' title='bbox 310 1091 488 1152; x_wconf 88' lang='lat' dir='ltr'>accidentia</span> <span class='ocrx_word' id='word_1_50' title='bbox 513 1111 650 1152; x_wconf 91' lang='lat' dir='ltr'>numero</span> <span class='ocrx_word' id='word_1_51' title='bbox 666 1091 854 1154; x_wconf 81' lang='lat' dir='ltr'>differentia.</span> <span class='ocrx_word' id='word_1_52' title='bbox 878 1091 1076 1152; x_wconf 78' lang='lat' dir='ltr'>Antcccdens</span> 
     </span>
     <span class='ocr_line' id='line_1_9' title="bbox 107 1196 1075 1278; baseline -0.001 -20"><span class='ocrx_word' id='word_1_53' title='bbox 107 1199 270 1278; x_wconf 87' lang='lat' dir='ltr'>probatur</span> <span class='ocrx_word' id='word_1_54' title='bbox 296 1217 353 1278; x_wconf 87' lang='lat' dir='ltr'>per</span> <span class='ocrx_word' id='word_1_55' title='bbox 376 1197 589 1258; x_wconf 82' lang='lat' dir='ltr'>Aristotelem</span> <span class='ocrx_word' id='word_1_56' title='bbox 609 1215 642 1276; x_wconf 71' lang='lat'>5.</span> <span class='ocrx_word' id='word_1_57' title='bbox 669 1196 770 1277; x_wconf 79' lang='lat' dir='ltr'>Phys.</span> <span class='ocrx_word' id='word_1_58' title='bbox 795 1197 850 1259; x_wconf 88' lang='lat' dir='ltr'>ubi</span> <span class='ocrx_word' id='word_1_59' title='bbox 885 1197 1075 1278; x_wconf 90' lang='lat' dir='ltr'>dicitquod</span> 
     </span>
     <span class='ocr_line' id='line_1_10' title="bbox 105 1303 1074 1386; baseline -0.001 -21"><span class='ocrx_word' id='word_1_60' title='bbox 105 1305 130 1365; x_wconf 88' lang='lat' dir='ltr'>si</span> <span class='ocrx_word' id='word_1_61' title='bbox 158 1323 255 1384; x_wconf 87' lang='lat' dir='ltr'>posse</span> <span class='ocrx_word' id='word_1_62' title='bbox 278 1303 383 1365; x_wconf 82' lang='lat' dir='ltr'>sanari</span> <span class='ocrx_word' id='word_1_63' title='bbox 415 1313 447 1365; x_wconf 89' lang='lat' dir='ltr'>et</span> <span class='ocrx_word' id='word_1_64' title='bbox 471 1324 566 1384; x_wconf 90' lang='lat' dir='ltr'>posse</span> <span class='ocrx_word' id='word_1_65' title='bbox 597 1304 749 1386; x_wconf 71' lang='lat' dir='ltr'>aegrotari</span> <span class='ocrx_word' id='word_1_66' title='bbox 773 1313 849 1365; x_wconf 91' lang='lat' dir='ltr'>sunt</span> <span class='ocrx_word' id='word_1_67' title='bbox 873 1304 970 1374; x_wconf 88' lang='lat' dir='ltr'>idem,</span> <span class='ocrx_word' id='word_1_68' title='bbox 994 1324 1074 1384; x_wconf 84' lang='lat' dir='ltr'>ergo</span> 
     </span>
     <span class='ocr_line' id='line_1_11' title="bbox 104 1393 1072 1492; baseline 0 -20"><span class='ocrx_word' id='word_1_69' title='bbox 104 1410 275 1492; x_wconf 72' lang='lat' dir='ltr'>aegritudo</span> <span class='ocrx_word' id='word_1_70' title='bbox 287 1420 335 1472; x_wconf 85' lang='lat' dir='ltr'>est</span> <span class='ocrx_word' id='word_1_71' title='bbox 359 1411 487 1472; x_wconf 83' lang='lat' dir='ltr'>sanitas.</span> <span class='ocrx_word' id='word_1_72' title='bbox 503 1411 654 1473; x_wconf 83' lang='lat' dir='ltr'>Similiter</span> <span class='ocrx_word' id='word_1_73' title='bbox 678 1393 826 1492; x_wconf 86' lang='lat' dir='ltr'>arguitur</span> <span class='ocrx_word' id='word_1_74' title='bbox 849 1412 881 1472; x_wconf 93' lang='lat' dir='ltr'>in</span> <span class='ocrx_word' id='word_1_75' title='bbox 894 1412 1072 1492; x_wconf 66' lang='lat' dir='ltr'>proposito</span> 
     </span>
     <span class='ocr_line' id='line_1_12' title="bbox 104 1517 1075 1598; baseline -0.002 -20"><span class='ocrx_word' id='word_1_76' title='bbox 104 1517 131 1578; x_wconf 90' lang='lat' dir='ltr'>si</span> <span class='ocrx_word' id='word_1_77' title='bbox 145 1537 244 1598; x_wconf 88' lang='lat' dir='ltr'>posse</span> <span class='ocrx_word' id='word_1_78' title='bbox 267 1517 409 1578; x_wconf 88' lang='lat' dir='ltr'>dealbari</span> <span class='ocrx_word' id='word_1_79' title='bbox 422 1517 483 1578; x_wconf 88' lang='lat' dir='ltr'>hac</span> <span class='ocrx_word' id='word_1_80' title='bbox 502 1517 651 1580; x_wconf 85' lang='lat' dir='ltr'>albedine</span> <span class='ocrx_word' id='word_1_81' title='bbox 667 1527 700 1579; x_wconf 90' lang='lat' dir='ltr'>et</span> <span class='ocrx_word' id='word_1_82' title='bbox 712 1518 764 1578; x_wconf 83' lang='lat' dir='ltr'>illa</span> <span class='ocrx_word' id='word_1_83' title='bbox 781 1527 858 1580; x_wconf 92' lang='lat' dir='ltr'>sunt</span> <span class='ocrx_word' id='word_1_84' title='bbox 869 1518 974 1591; x_wconf 89' lang='lat' dir='ltr'>idem;</span> <span class='ocrx_word' id='word_1_85' title='bbox 996 1537 1075 1598; x_wconf 84' lang='lat' dir='ltr'>ergo</span> 
     </span>
     <span class='ocr_line' id='line_1_13' title="bbox 106 1622 1075 1704; baseline 0 -20"><span class='ocrx_word' id='word_1_86' title='bbox 106 1622 181 1685; x_wconf 84' lang='lat' dir='ltr'>haec</span> <span class='ocrx_word' id='word_1_87' title='bbox 205 1633 240 1684; x_wconf 91' lang='lat' dir='ltr'>et</span> <span class='ocrx_word' id='word_1_88' title='bbox 263 1623 316 1684; x_wconf 85' lang='lat' dir='ltr'>illa</span> <span class='ocrx_word' id='word_1_89' title='bbox 346 1624 463 1685; x_wconf 87' lang='lat' dir='ltr'>albedo</span> <span class='ocrx_word' id='word_1_90' title='bbox 487 1634 562 1685; x_wconf 87' lang='lat' dir='ltr'>sunt</span> <span class='ocrx_word' id='word_1_91' title='bbox 589 1624 686 1687; x_wconf 88' lang='lat' dir='ltr'>idem.</span> <span class='ocrx_word' id='word_1_92' title='bbox 713 1623 870 1695; x_wconf 81' lang='lat' dir='ltr'>Secundo,</span> <span class='ocrx_word' id='word_1_93' title='bbox 897 1624 974 1704; x_wconf 90' lang='lat' dir='ltr'>quia</span> <span class='ocrx_word' id='word_1_94' title='bbox 998 1622 1075 1684; x_wconf 87' lang='lat' dir='ltr'>alias</span> 
     </span>
     <span class='ocr_line' id='line_1_14' title="bbox 106 1731 1075 1812; baseline 0.001 -21"><span class='ocrx_word' id='word_1_95' title='bbox 106 1740 304 1810; x_wconf 89' lang='lat' dir='ltr'>corruptum</span> <span class='ocrx_word' id='word_1_96' title='bbox 328 1739 436 1811; x_wconf 91' lang='lat' dir='ltr'>posset</span> <span class='ocrx_word' id='word_1_97' title='bbox 461 1731 599 1811; x_wconf 85' lang='lat' dir='ltr'>reparari</span> <span class='ocrx_word' id='word_1_98' title='bbox 623 1731 710 1792; x_wconf 89' lang='lat' dir='ltr'>idern</span> <span class='ocrx_word' id='word_1_99' title='bbox 736 1751 873 1793; x_wconf 88' lang='lat' dir='ltr'>numero</span> <span class='ocrx_word' id='word_1_100' title='bbox 897 1752 953 1812; x_wconf 89' lang='lat' dir='ltr'>per</span> <span class='ocrx_word' id='word_1_101' title='bbox 985 1740 1075 1792; x_wconf 88' lang='lat' dir='ltr'>natu-</span> 
     </span>
     <span class='ocr_line' id='line_1_15' title="bbox 107 1836 1074 1919; baseline 0 -22"><span class='ocrx_word' id='word_1_102' title='bbox 107 1857 178 1898; x_wconf 84' lang='lat' dir='ltr'>ram</span> <span class='ocrx_word' id='word_1_103' title='bbox 203 1837 282 1917; x_wconf 89' lang='lat' dir='ltr'>quia</span> <span class='ocrx_word' id='word_1_104' title='bbox 305 1839 439 1917; x_wconf 88' lang='lat' dir='ltr'>quando</span> <span class='ocrx_word' id='word_1_105' title='bbox 464 1837 536 1899; x_wconf 83' lang='lat' dir='ltr'>haec</span> <span class='ocrx_word' id='word_1_106' title='bbox 559 1836 665 1899; x_wconf 77' lang='lat' dir='ltr'>forma</span> <span class='ocrx_word' id='word_1_107' title='bbox 688 1847 959 1919; x_wconf 88' lang='lat' dir='ltr'>corrumperetur,</span> <span class='ocrx_word' id='word_1_108' title='bbox 981 1837 1074 1898; x_wconf 85' lang='lat' dir='ltr'>cede-</span> 
     </span>
     <span class='ocr_line' id='line_1_16' title="bbox 106 1942 952 2026; baseline 0.001 -22"><span class='ocrx_word' id='word_1_109' title='bbox 106 1955 156 2005; x_wconf 88' lang='lat' dir='ltr'>ret</span> <span class='ocrx_word' id='word_1_110' title='bbox 180 1944 214 2006; x_wconf 90' lang='lat' dir='ltr'>in</span> <span class='ocrx_word' id='word_1_111' title='bbox 238 1944 377 2006; x_wconf 88' lang='lat' dir='ltr'>eandem</span> <span class='ocrx_word' id='word_1_112' title='bbox 401 1943 582 2024; x_wconf 89' lang='lat' dir='ltr'>potentiam</span> <span class='ocrx_word' id='word_1_113' title='bbox 607 1944 638 2005; x_wconf 91' lang='lat' dir='ltr'>in</span> <span class='ocrx_word' id='word_1_114' title='bbox 663 1965 730 2026; x_wconf 92' lang='lat' dir='ltr'>qua</span> <span class='ocrx_word' id='word_1_115' title='bbox 752 1944 860 2026; x_wconf 91' lang='lat' dir='ltr'>primo</span> <span class='ocrx_word' id='word_1_116' title='bbox 883 1942 952 2006; x_wconf 86' lang='lat' dir='ltr'>luit.</span> 
     </span>
    </p>
   </div>
   <div class='ocr_carea' id='block_1_3' title="bbox 102 2156 1074 3736">
    <p class='ocr_par' dir='ltr' id='par_1_4' title="bbox 102 2156 1074 3736">
     <span class='ocr_line' id='line_1_17' title="bbox 174 2156 1074 2241; baseline -0.003 -17"><span class='ocrx_word' id='word_1_117' title='bbox 174 2157 284 2224; x_wconf 67' lang='lat' dir='ltr'>Alta</span> <span class='ocrx_word' id='word_1_118' title='bbox 307 2162 375 2223; x_wconf 71' lang='lat' dir='ltr'>est</span> <span class='ocrx_word' id='word_1_119' title='bbox 397 2158 550 2241; x_wconf 73' lang='lat' dir='ltr'>opt‘m&#39;o</span> <span class='ocrx_word' id='word_1_120' title='bbox 575 2156 701 2224; x_wconf 73' lang='lat' dir='ltr'>Seoti</span> <span class='ocrx_word' id='word_1_121' title='bbox 713 2159 744 2221; x_wconf 91' lang='lat' dir='ltr'>in</span> <span class='ocrx_word' id='word_1_122' title='bbox 769 2159 1004 2241; x_wconf 85' lang='lat' dir='ltr'>quaestionibus</span> <span class='ocrx_word' id='word_1_123' title='bbox 1020 2181 1074 2221; x_wconf 91' lang='lat' dir='ltr'>su-</span> 
     </span>
     <span class='ocr_line' id='line_1_18' title="bbox 106 2266 1074 2348; baseline 0.001 -21"><span class='ocrx_word' id='word_1_124' title='bbox 106 2286 164 2347; x_wconf 89' lang='lat' dir='ltr'>per</span> <span class='ocrx_word' id='word_1_125' title='bbox 190 2266 453 2346; x_wconf 88' lang='lat' dir='ltr'>metaphysicam</span> <span class='ocrx_word' id='word_1_126' title='bbox 477 2266 553 2346; x_wconf 88' lang='lat' dir='ltr'>quia</span> <span class='ocrx_word' id='word_1_127' title='bbox 576 2275 634 2327; x_wconf 86' lang='lat' dir='ltr'>aut</span> <span class='ocrx_word' id='word_1_128' title='bbox 657 2266 822 2348; x_wconf 90' lang='lat' dir='ltr'>loquimur</span> <span class='ocrx_word' id='word_1_129' title='bbox 835 2267 875 2327; x_wconf 90' lang='lat' dir='ltr'>de</span> <span class='ocrx_word' id='word_1_130' title='bbox 896 2266 1007 2327; x_wconf 85' lang='lat' dir='ltr'>formis</span> <span class='ocrx_word' id='word_1_131' title='bbox 1030 2266 1074 2328; x_wconf 92' lang='lat' dir='ltr'>in-</span> 
     </span>
     <span class='ocr_line' id='line_1_19' title="bbox 105 2373 1074 2437; baseline -0.001 -2"><span class='ocrx_word' id='word_1_132' title='bbox 105 2374 340 2435; x_wconf 83' lang='lat' dir='ltr'>tentionalibus</span> <span class='ocrx_word' id='word_1_133' title='bbox 362 2384 420 2434; x_wconf 89' lang='lat' dir='ltr'>aut</span> <span class='ocrx_word' id='word_1_134' title='bbox 434 2373 581 2434; x_wconf 89' lang='lat' dir='ltr'>realibus.</span> <span class='ocrx_word' id='word_1_135' title='bbox 608 2373 641 2437; x_wconf 87' lang='lat' dir='ltr'>Si</span> <span class='ocrx_word' id='word_1_136' title='bbox 655 2374 696 2435; x_wconf 93' lang='lat' dir='ltr'>de</span> <span class='ocrx_word' id='word_1_137' title='bbox 719 2373 984 2435; x_wconf 87' lang='lat' dir='ltr'>intentionalibus</span> <span class='ocrx_word' id='word_1_138' title='bbox 999 2394 1074 2435; x_wconf 91' lang='lat' dir='ltr'>con·</span> 
     </span>
     <span class='ocr_line' id='line_1_20' title="bbox 106 2479 1073 2561; baseline 0 -20"><span class='ocrx_word' id='word_1_139' title='bbox 106 2482 234 2542; x_wconf 86' lang='lat' dir='ltr'>ceditur</span> <span class='ocrx_word' id='word_1_140' title='bbox 269 2481 358 2561; x_wconf 93' lang='lat' dir='ltr'>quod</span> <span class='ocrx_word' id='word_1_141' title='bbox 391 2480 499 2561; x_wconf 88' lang='lat' dir='ltr'>plures</span> <span class='ocrx_word' id='word_1_142' title='bbox 522 2480 602 2541; x_wconf 85' lang='lat' dir='ltr'>tales</span> <span class='ocrx_word' id='word_1_143' title='bbox 636 2479 752 2542; x_wconf 83' lang='lat' dir='ltr'>sormae</span> <span class='ocrx_word' id='word_1_144' title='bbox 776 2480 922 2559; x_wconf 88' lang='lat' dir='ltr'>ejusdem</span> <span class='ocrx_word' id='word_1_145' title='bbox 957 2480 1073 2561; x_wconf 90' lang='lat' dir='ltr'>speciei</span> 
     </span>
     <span class='ocr_line' id='line_1_21' title="bbox 106 2586 1073 2667; baseline 0 -18"><span class='ocrx_word' id='word_1_146' title='bbox 106 2596 246 2667; x_wconf 83' lang='lat' dir='ltr'>possunt</span> <span class='ocrx_word' id='word_1_147' title='bbox 270 2586 367 2647; x_wconf 89' lang='lat' dir='ltr'>simul</span> <span class='ocrx_word' id='word_1_148' title='bbox 390 2607 459 2648; x_wconf 89' lang='lat' dir='ltr'>esse</span> <span class='ocrx_word' id='word_1_149' title='bbox 483 2586 515 2648; x_wconf 92' lang='lat' dir='ltr'>in</span> <span class='ocrx_word' id='word_1_150' title='bbox 539 2587 665 2648; x_wconf 89' lang='lat' dir='ltr'>eodem.</span> <span class='ocrx_word' id='word_1_151' title='bbox 692 2586 726 2650; x_wconf 86' lang='lat' dir='ltr'>Si</span> <span class='ocrx_word' id='word_1_152' title='bbox 754 2596 864 2648; x_wconf 86' lang='lat' dir='ltr'>autern</span> <span class='ocrx_word' id='word_1_153' title='bbox 901 2587 1073 2667; x_wconf 88' lang='lat' dir='ltr'>loquamur</span> 
     </span>
     <span class='ocr_line' id='line_1_22' title="bbox 106 2693 1074 2774; baseline 0.001 -19"><span class='ocrx_word' id='word_1_154' title='bbox 106 2695 147 2755; x_wconf 88' lang='lat' dir='ltr'>de</span> <span class='ocrx_word' id='word_1_155' title='bbox 172 2693 285 2756; x_wconf 89' lang='lat' dir='ltr'>formis</span> <span class='ocrx_word' id='word_1_156' title='bbox 309 2693 447 2755; x_wconf 89' lang='lat' dir='ltr'>realibus</span> <span class='ocrx_word' id='word_1_157' title='bbox 471 2702 549 2755; x_wconf 91' lang='lat' dir='ltr'>tune</span> <span class='ocrx_word' id='word_1_158' title='bbox 573 2693 783 2774; x_wconf 88' lang='lat' dir='ltr'>distinguitur</span> <span class='ocrx_word' id='word_1_159' title='bbox 816 2694 893 2774; x_wconf 89' lang='lat' dir='ltr'>quia</span> <span class='ocrx_word' id='word_1_160' title='bbox 916 2701 973 2755; x_wconf 88' lang='lat' dir='ltr'>aut</span> <span class='ocrx_word' id='word_1_161' title='bbox 998 2703 1074 2756; x_wconf 90' lang='lat' dir='ltr'>sunt</span> 
     </span>
     <span class='ocr_line' id='line_1_23' title="bbox 105 2799 1070 2881; baseline 0.001 -21"><span class='ocrx_word' id='word_1_162' title='bbox 105 2799 224 2863; x_wconf 82' lang='lat' dir='ltr'>sormae</span> <span class='ocrx_word' id='word_1_163' title='bbox 249 2800 438 2881; x_wconf 81' lang='lat' dir='ltr'>respectivae</span> <span class='ocrx_word' id='word_1_164' title='bbox 462 2810 520 2861; x_wconf 92' lang='lat' dir='ltr'>aut</span> <span class='ocrx_word' id='word_1_165' title='bbox 543 2800 714 2868; x_wconf 83' lang='lat' dir='ltr'>absolutae.</span> <span class='ocrx_word' id='word_1_166' title='bbox 728 2799 762 2862; x_wconf 88' lang='lat' dir='ltr'>Si</span> <span class='ocrx_word' id='word_1_167' title='bbox 787 2801 974 2881; x_wconf 83' lang='lat' dir='ltr'>respectivae</span> <span class='ocrx_word' id='word_1_168' title='bbox 999 2820 1070 2862; x_wconf 91' lang='lat' dir='ltr'>con·</span> 
     </span>
     <span class='ocr_line' id='line_1_24' title="bbox 105 2905 1071 2988; baseline 0 -19"><span class='ocrx_word' id='word_1_169' title='bbox 105 2906 234 2969; x_wconf 89' lang='lat' dir='ltr'>ceditur</span> <span class='ocrx_word' id='word_1_170' title='bbox 257 2906 348 2988; x_wconf 91' lang='lat' dir='ltr'>quod</span> <span class='ocrx_word' id='word_1_171' title='bbox 373 2915 510 2987; x_wconf 90' lang='lat' dir='ltr'>possunt</span> <span class='ocrx_word' id='word_1_172' title='bbox 532 2926 601 2969; x_wconf 88' lang='lat' dir='ltr'>esse</span> <span class='ocrx_word' id='word_1_173' title='bbox 625 2907 733 2988; x_wconf 87' lang='lat' dir='ltr'>plures</span> <span class='ocrx_word' id='word_1_174' title='bbox 757 2905 871 2969; x_wconf 84' lang='lat' dir='ltr'>formae</span> <span class='ocrx_word' id='word_1_175' title='bbox 896 2908 927 2968; x_wconf 89' lang='lat' dir='ltr'>in</span> <span class='ocrx_word' id='word_1_176' title='bbox 944 2908 1071 2981; x_wconf 87' lang='lat' dir='ltr'>eodem,</span> 
     </span>
     <span class='ocr_line' id='line_1_25' title="bbox 106 3014 1073 3095; baseline 0 -20"><span class='ocrx_word' id='word_1_177' title='bbox 106 3014 193 3076; x_wconf 89' lang='lat' dir='ltr'>sicut</span> <span class='ocrx_word' id='word_1_178' title='bbox 217 3023 309 3095; x_wconf 85' lang='lat' dir='ltr'>patet</span> <span class='ocrx_word' id='word_1_179' title='bbox 331 3014 422 3095; x_wconf 90' lang='lat' dir='ltr'>quod</span> <span class='ocrx_word' id='word_1_180' title='bbox 446 3014 478 3075; x_wconf 93' lang='lat' dir='ltr'>in</span> <span class='ocrx_word' id='word_1_181' title='bbox 502 3014 619 3077; x_wconf 88' lang='lat' dir='ltr'>eodem</span> <span class='ocrx_word' id='word_1_182' title='bbox 643 3022 737 3095; x_wconf 88' lang='lat' dir='ltr'>patre</span> <span class='ocrx_word' id='word_1_183' title='bbox 770 3023 847 3077; x_wconf 92' lang='lat' dir='ltr'>sunt</span> <span class='ocrx_word' id='word_1_184' title='bbox 869 3014 944 3075; x_wconf 85' lang='lat' dir='ltr'>duae</span> <span class='ocrx_word' id='word_1_185' title='bbox 970 3024 1073 3095; x_wconf 83' lang='lat' dir='ltr'>pater-</span> 
     </span>
     <span class='ocr_line' id='line_1_26' title="bbox 104 3119 1071 3195; baseline 0 -12"><span class='ocrx_word' id='word_1_186' title='bbox 104 3122 226 3183; x_wconf 88' lang='lat' dir='ltr'>nitates</span> <span class='ocrx_word' id='word_1_187' title='bbox 249 3121 292 3182; x_wconf 87' lang='lat' dir='ltr'>ad</span> <span class='ocrx_word' id='word_1_188' title='bbox 308 3120 391 3182; x_wconf 89' lang='lat' dir='ltr'>duos</span> <span class='ocrx_word' id='word_1_189' title='bbox 408 3119 505 3195; x_wconf 90' lang='lat' dir='ltr'>filios;</span> <span class='ocrx_word' id='word_1_190' title='bbox 523 3121 548 3182; x_wconf 90' lang='lat' dir='ltr'>si</span> <span class='ocrx_word' id='word_1_191' title='bbox 564 3130 674 3183; x_wconf 88' lang='lat' dir='ltr'>autem</span> <span class='ocrx_word' id='word_1_192' title='bbox 688 3131 764 3183; x_wconf 91' lang='lat' dir='ltr'>sunt</span> <span class='ocrx_word' id='word_1_193' title='bbox 781 3120 895 3184; x_wconf 81' lang='lat' dir='ltr'>lormae</span> <span class='ocrx_word' id='word_1_194' title='bbox 912 3121 1071 3183; x_wconf 78' lang='lat' dir='ltr'>absolutae</span> 
     </span>
     <span class='ocr_line' id='line_1_27' title="bbox 102 3227 1073 3309; baseline 0.001 -20"><span class='ocrx_word' id='word_1_195' title='bbox 102 3228 218 3289; x_wconf 84' lang='lat' dir='ltr'>adhuc</span> <span class='ocrx_word' id='word_1_196' title='bbox 240 3227 450 3309; x_wconf 83' lang='lat' dir='ltr'>distinguitur</span> <span class='ocrx_word' id='word_1_197' title='bbox 473 3228 550 3309; x_wconf 91' lang='lat' dir='ltr'>quia</span> <span class='ocrx_word' id='word_1_198' title='bbox 572 3237 630 3290; x_wconf 90' lang='lat' dir='ltr'>aut</span> <span class='ocrx_word' id='word_1_199' title='bbox 654 3228 904 3290; x_wconf 91' lang='lat' dir='ltr'>introducuntur</span> <span class='ocrx_word' id='word_1_200' title='bbox 928 3248 984 3308; x_wconf 87' lang='lat' dir='ltr'>per</span> <span class='ocrx_word' id='word_1_201' title='bbox 1005 3248 1073 3290; x_wconf 93' lang='lat' dir='ltr'>mo-</span> 
     </span>
     <span class='ocr_line' id='line_1_28' title="bbox 102 3333 1072 3415; baseline 0.002 -18"><span class='ocrx_word' id='word_1_202' title='bbox 102 3345 178 3397; x_wconf 91' lang='lat' dir='ltr'>tum</span> <span class='ocrx_word' id='word_1_203' title='bbox 205 3342 262 3395; x_wconf 92' lang='lat' dir='ltr'>aut</span> <span class='ocrx_word' id='word_1_204' title='bbox 284 3334 353 3396; x_wconf 90' lang='lat' dir='ltr'>sine</span> <span class='ocrx_word' id='word_1_205' title='bbox 377 3343 479 3395; x_wconf 90' lang='lat' dir='ltr'>motu.</span> <span class='ocrx_word' id='word_1_206' title='bbox 505 3333 538 3397; x_wconf 87' lang='lat' dir='ltr'>Si</span> <span class='ocrx_word' id='word_1_207' title='bbox 562 3335 630 3396; x_wconf 88' lang='lat' dir='ltr'>sine</span> <span class='ocrx_word' id='word_1_208' title='bbox 655 3345 747 3396; x_wconf 91' lang='lat' dir='ltr'>motu</span> <span class='ocrx_word' id='word_1_209' title='bbox 771 3334 960 3396; x_wconf 85' lang='lat' dir='ltr'>conceditur</span> <span class='ocrx_word' id='word_1_210' title='bbox 983 3338 1072 3415; x_wconf 91' lang='lat' dir='ltr'>quod</span> 
     </span>
     <span class='ocr_line' id='line_1_29' title="bbox 102 3438 1073 3525; baseline 0.003 -23"><span class='ocrx_word' id='word_1_211' title='bbox 102 3442 219 3525; x_wconf 91' lang='lat' dir='ltr'>plures</span> <span class='ocrx_word' id='word_1_212' title='bbox 242 3438 355 3502; x_wconf 85' lang='lat' dir='ltr'>lormae</span> <span class='ocrx_word' id='word_1_213' title='bbox 380 3450 516 3521; x_wconf 91' lang='lat' dir='ltr'>possunt</span> <span class='ocrx_word' id='word_1_214' title='bbox 542 3461 610 3503; x_wconf 89' lang='lat' dir='ltr'>esse</span> <span class='ocrx_word' id='word_1_215' title='bbox 641 3440 737 3503; x_wconf 91' lang='lat' dir='ltr'>simul</span> <span class='ocrx_word' id='word_1_216' title='bbox 772 3440 804 3501; x_wconf 88' lang='lat' dir='ltr'>in</span> <span class='ocrx_word' id='word_1_217' title='bbox 839 3441 966 3513; x_wconf 87' lang='lat' dir='ltr'>eodem,</span> <span class='ocrx_word' id='word_1_218' title='bbox 991 3442 1073 3505; x_wconf 90' lang='lat' dir='ltr'>sicut</span> 
     </span>
     <span class='ocr_line' id='line_1_30' title="bbox 103 3546 1073 3631; baseline 0.001 -22"><span class='ocrx_word' id='word_1_219' title='bbox 103 3558 199 3631; x_wconf 81' lang='lat' dir='ltr'>patet</span> <span class='ocrx_word' id='word_1_220' title='bbox 224 3546 265 3607; x_wconf 88' lang='lat' dir='ltr'>de</span> <span class='ocrx_word' id='word_1_221' title='bbox 287 3547 420 3609; x_wconf 85' lang='lat' dir='ltr'>diversis</span> <span class='ocrx_word' id='word_1_222' title='bbox 443 3547 610 3628; x_wconf 87' lang='lat' dir='ltr'>speciebus</span> <span class='ocrx_word' id='word_1_223' title='bbox 633 3547 665 3609; x_wconf 92' lang='lat' dir='ltr'>in</span> <span class='ocrx_word' id='word_1_224' title='bbox 690 3547 795 3619; x_wconf 88' lang='lat' dir='ltr'>oculo,</span> <span class='ocrx_word' id='word_1_225' title='bbox 820 3556 852 3609; x_wconf 90' lang='lat' dir='ltr'>et</span> <span class='ocrx_word' id='word_1_226' title='bbox 877 3548 917 3608; x_wconf 92' lang='lat' dir='ltr'>de</span> <span class='ocrx_word' id='word_1_227' title='bbox 941 3548 1073 3611; x_wconf 90' lang='lat' dir='ltr'>diversis</span> 
     </span>
     <span class='ocr_line' id='line_1_31' title="bbox 103 3652 1074 3736; baseline 0 -18"><span class='ocrx_word' id='word_1_228' title='bbox 103 3652 322 3721; x_wconf 91' lang='lat' dir='ltr'>luminaribus</span> <span class='ocrx_word' id='word_1_229' title='bbox 345 3653 378 3715; x_wconf 88' lang='lat' dir='ltr'>in</span> <span class='ocrx_word' id='word_1_230' title='bbox 402 3653 518 3728; x_wconf 86' lang='lat' dir='ltr'>medio,</span> <span class='ocrx_word' id='word_1_231' title='bbox 535 3654 618 3717; x_wconf 87' lang='lat' dir='ltr'>sieut</span> <span class='ocrx_word' id='word_1_232' title='bbox 641 3655 821 3736; x_wconf 83' lang='lat' dir='ltr'>tangebant</span> <span class='ocrx_word' id='word_1_233' title='bbox 845 3655 1000 3735; x_wconf 80' lang='lat' dir='ltr'>quaedam</span> <span class='ocrx_word' id='word_1_234' title='bbox 1023 3676 1074 3718; x_wconf 88' lang='lat' dir='ltr'>ar·</span> 
     </span>
    </p>
   </div>
   <div class='ocr_carea' id='block_1_4' title="bbox 0 0 1304 4200">
    <p class='ocr_par' dir='ltr' id='par_1_5' title="bbox 0 0 1304 4200">
     <span class='ocr_line' id='line_1_32' title="bbox 0 0 1304 4200; baseline 0 1"><span class='ocrx_word' id='word_1_235' title='bbox 0 0 1304 4200; x_wconf 95' lang='lat' dir='ltr'> </span> 
     </span>
    </p>
   </div>
  </div>
 </body>
</html>
