2600 4200
205 207 244 268 14
429 189 502 250 Lra.
525 154 573 250 m
598 187 891 252 Sauraurrnnuu

245 393 361 456 Primo
384 393 445 456 sic:
471 393 596 455 Natura
612 402 661 456 est
675 391 762 475 prior
773 391 953 474 supposito
966 391 1042 472 quia
1058 390 1137 451 illud

178 508 227 564 est
250 500 338 583 prius
361 499 452 583 quod
476 508 585 582 potest
611 520 680 562 esse
710 499 778 561 sine
801 500 919 577 alter0;
943 498 998 559 sed
1023 507 1139 559 natura

179 616 287 690 potest
309 627 378 670 esse
402 607 470 669 sine
493 607 663 687 supposito
687 607 762 688 quia
787 606 935 669 Christus
964 603 1140 685 assumpsit

180 723 332 776 naturam
366 722 398 776 et
428 733 494 780 non
529 713 746 794 suppositum.
770 713 864 775 Tunc
899 712 1045 794 arguitur
1076 710 1139 772 sic:

179 822 221 884 ad
258 820 559 906 multiplicationem
585 820 770 902 posterioris
794 840 859 882 non
884 818 1060 881 necessario
1084 837 1141 898 po-

180 929 266 990 nitur
292 927 516 1008 multiplicatio
540 927 671 1008 prioris;
699 927 756 989 sed
779 926 985 1007 suppositum
1009 933 1057 986 est
1080 945 1138 1005 po-

180 1034 295 1096 sterius
319 1043 450 1112 natura;
482 1054 561 1115 ergo
585 1044 718 1116 propter
742 1033 1043 1114 multiplicationem
1067 1051 1141 1111 sup

180 1140 276 1223 positi
300 1160 365 1202 non
390 1148 519 1222 oportet
555 1140 768 1221 multiplicare
791 1150 940 1201 naturam
971 1137 1139 1219 suppositi,

104 1307 111 1318 ,
180 1247 280 1310 etsie
305 1267 370 1309 non
395 1247 594 1328 impossibile
617 1257 666 1310 est
688 1247 825 1308 eandem
842 1254 992 1308 naturam
1017 1245 1048 1306 in
1073 1245 1140 1325 plu·

181 1353 269 1415 ribus
292 1373 369 1415 esse.

249 1460 394 1523 Secundo
418 1461 479 1523 sic:
505 1460 679 1523 Distinctio
702 1460 835 1522 relativa
869 1479 934 1521 non
969 1467 1017 1520 est
1044 1478 1141 1521 causa

180 1567 394 1630 distinctionis
417 1567 449 1628 in
472 1567 645 1642 absolutis;
685 1568 742 1628 sed
777 1566 939 1628 distinctio
971 1566 1002 1627 in
1027 1575 1141 1628 natura

179 1683 228 1736 est
251 1675 486 1747 absolutorum,
512 1673 675 1736 distinctio
698 1683 808 1735 autem
833 1672 865 1734 in
896 1672 1071 1754 suppositis
1093 1680 1141 1733 est

182 1781 407 1856 relativorum;
431 1801 520 1861 ergo,
557 1789 690 1862 propter
728 1779 967 1842 distinctionem
1002 1788 1035 1841 et
1060 1778 1141 1840 mul-

180 1887 412 1968 tiplicationem
430 1887 686 1968 suppositorum,
712 1907 776 1949 non
801 1895 930 1967 oportet
954 1905 1074 1967 ponere
1097 1884 1142 1945 di-

181 1994 386 2056 stinctionem
411 2003 444 2056 et
467 1993 770 2074 multiplicationem
794 2002 930 2054 naturae.

255 2099 359 2163 Tertio
382 2099 443 2162 sic:
462 2100 588 2162 Eadem
612 2099 722 2161 anima
738 2110 846 2181 potest
864 2120 933 2162 esse
948 2100 979 2161 in
997 2098 1142 2181 pluribus

183 2208 329 2288 partibus
352 2206 497 2288 corporis
520 2206 708 2268 naturaliter
730 2216 763 2269 et
786 2206 872 2269 idem
896 2228 1014 2288 corpus
1030 2207 1062 2267 in
1075 2206 1144 2288 plu-

182 2314 271 2376 ribus
310 2314 387 2375 locis
426 2314 732 2393 supernaturaliter3
771 2333 850 2395 ergo
893 2314 996 2376 multo
1039 2312 1143 2393 magis

183 2420 298 2482 eadem
323 2428 438 2481 natura
463 2419 494 2480 in
519 2419 664 2501 pluribus
691 2420 875 2501 suppositis.

257 2632 405 2697 Tertia
431 2632 584 2715 opr'm'o
606 2635 675 2696 est
688 2630 813 2697 Senti·
832 2632 887 2714 qui
911 2634 989 2695 dicit
1000 2633 1076 2715 quia
1087 2642 1146 2693 aut

182 2740 313 2820 ponitur
338 2738 480 2800 sormalis
503 2737 661 2800 terminus
682 2738 913 2802 incarnationis
935 2741 1072 2803 essentia
1087 2748 1144 2801 aut

183 2845 363 2928 proprietas
386 2846 528 2907 relativa.
555 2844 589 2907 Si
613 2845 745 2925 ponitur
768 2849 858 2927 quod
881 2848 1016 2909 essentia
1028 2848 1068 2909 sit
1084 2845 1146 2909 lor-

186 2952 279 3014 malis
303 2952 461 3013 terminus
485 2950 718 3013 Incarnationis
741 2952 818 3015 dicit
841 2955 930 3034 quod
947 2954 1054 3035 plures
1078 2975 1146 3035 per-
1211 2938 1217 2956 ¹

182 3078 282 3131 sonae,
309 3058 471 3119 mediante
494 3056 639 3129 essentia,
666 3068 802 3138 possunt
824 3081 987 3123 assumere
1006 3061 1143 3123 eandem
1211 3078 1214 3081 ⁴

183 3174 333 3226 naturam
359 3183 506 3227 numero,
532 3162 565 3225 Si
589 3172 700 3225 autem
725 3175 865 3245 ponatur
888 3169 978 3248 quod
1002 3166 1145 3230 formalis

182 3270 340 3332 terminus
364 3268 598 3332 Incarnationis
632 3269 674 3332 sit
703 3272 882 3352 proprietas
916 3276 1049 3337 relativa
1079 3273 1145 3337 sive

183 3360 330 3458 persona,
354 3386 434 3438 tunc
457 3386 505 3439 est
528 3375 726 3457 impossibile
748 3380 838 3459 quod
862 3382 969 3463 plures
996 3401 1144 3462 personae

184 3481 509 3569 mediante'essentia
532 3492 669 3564 possunt
698 3504 862 3549 assumere
893 3490 1030 3551 eandem
1055 3498 1145 3550 natu-

183 3608 252 3651 ram
277 3610 424 3652 numero.
452 3586 551 3670 Quod
575 3591 732 3671 probatur
756 3592 815 3656 sic:
851 3594 884 3656 in
915 3594 1005 3657 omni
1028 3596 1145 3677 depen-
