2600 4200
252 218 442 281 Drsrrucr.
469 220 544 281 XX
562 235 607 281 ET
625 220 719 282 XXI
748 220 899 301 QuAEsi.
925 221 959 283 ΙΙ
1008 242 1070 301 233

125 398 243 477 justus
267 408 381 478 potest
403 408 524 479 postea
547 418 708 479 peccare;
735 400 841 480 igitur
865 420 927 461 nec
943 402 1094 461 moriens

131 506 166 565 in
190 514 332 585 peccato
355 514 471 584 potest
494 514 616 585 postea
647 524 837 586 resurgere.
867 506 1093 585 Consequentia

129 620 225 691 patet
249 630 269 671 a
303 611 418 679 simili,
445 613 526 691 quia
560 612 672 673 simile
711 612 846 673 videtur
880 631 943 693 pro
977 612 1094 693 aliquo

129 726 223 777 statu
246 736 348 797 posse
372 736 513 797 peccare
535 729 570 779 et
593 738 696 798 posse
708 738 888 801 resurgere
905 738 925 779 a
941 729 1091 799 peccato,

224 824 340 883 Contra
363 833 416 884 est
440 822 610 906 Magister
633 828 667 885 in
692 827 792 893 litera,
821 836 856 886 et
878 826 1001 906 probat
1032 844 1094 905 per

131 930 217 991 illud
240 930 353 990 Mami.
378 949 426 991 12.
452 929 519 1011 Qui
544 934 737 1011 peccaverit
754 934 787 993 in
806 930 973 1012 Spiritum
991 932 1095 995 Sanc-

129 1046 204 1099 tum
228 1056 296 1098 non
320 1039 566 1099 remitteturei
591 1056 653 1099 nec
678 1040 711 1099 in
736 1038 799 1099 hoc
824 1038 962 1107 saeculo
979 1058 1041 1100 nec
1058 1040 1092 1100 in

128 1140 255 1204 iutur0.
282 1140 409 1204 Subdit
433 1142 623 1224 Magister:
648 1164 693 1205 ex
717 1145 781 1206 hoc
805 1144 905 1207 datur
932 1145 1092 1227 intelligi,

129 1250 220 1310 sicut
243 1250 351 1311 sancti
377 1249 545 1311 Doctores
568 1252 717 1321 tradunt,
736 1252 827 1331 quod
844 1252 1001 1331 quaedam
1018 1270 1095 1332 pcc·

127 1365 208 1416 cata
231 1358 264 1416 in
289 1353 404 1417 futuro
428 1355 653 1418 dimittentur.

220 1460 309 1523 ISTA
333 1460 515 1542 QUAESTIO
539 1473 653 1543 potest
692 1464 840 1545 intelligi
875 1464 917 1525 de
951 1474 1093 1544 peccato

129 1570 259 1628 mortali
280 1568 336 1629 vel
359 1571 484 1629 ziniziili.
511 1567 548 1631 Si
571 1570 777 1652 intelligitur
793 1571 835 1631 de
851 1582 991 1650 peccato
1007 1590 1095 1631 mor-

127 1674 190 1735 tali
215 1674 326 1736 adhuc
350 1676 532 1755 dupliciter
555 1686 607 1737 est
623 1677 815 1745 dicendum,
833 1678 914 1757 quia
930 1676 986 1737 vel
1002 1697 1095 1757 quae·

127 1782 216 1842 ritur
239 1780 281 1841 de
305 1792 445 1861 peccato
470 1782 605 1843 mortali
629 1782 767 1859 confesso
791 1783 847 1844 vel
864 1804 925 1843 non
941 1786 1088 1860 confesso,

127 1897 164 1948 et
187 1888 237 1948 sic
261 1897 341 1949 sunt
364 1890 431 1948 tria
454 1888 610 1949 videnda.
635 1889 756 1955 Primo,
778 1891 805 1949 si
823 1899 937 1969 potest
953 1889 1093 1970 aliquod

127 2003 307 2073 peccatum
332 1993 475 2055 mortale
498 1995 624 2055 dimitti
654 1994 858 2057 confessum.
885 1996 1033 2063 Secundo,
1063 1998 1092 2057 si

127 2110 244 2180 potest
267 2100 407 2181 aliquod
430 2113 606 2180 peccatum
624 2103 768 2164 mortale
784 2103 909 2165 dimitti
928 2123 996 2165 non
1013 2123 1092 2165 con-

127 2205 269 2268 fessum.
290 2208 401 2274 Tertio,
419 2210 447 2268 si
472 2219 586 2288 potest
610 2208 749 2288 aliquod
765 2220 943 2290 peccatum
958 2211 1093 2271 veniale

127 2313 256 2375 dimitti
280 2314 470 2394 posthanc
496 2317 611 2375 vitam.

219 2492 283 2554 De
300 2491 445 2570 primo
461 2493 538 2553 dico
561 2493 654 2573 quod
671 2502 784 2572 potest
801 2505 978 2572 peccatum
1004 2513 1090 2555 mor-

128 2599 199 2658 tale
222 2599 346 2659 dimitti
371 2582 576 2666 confessum,
601 2611 635 2660 et
659 2601 700 2659 de
717 2597 806 2660 lacto
823 2600 1007 2661 dimittitur
1022 2600 1092 2660 talc

127 2713 307 2784 peccatum
331 2724 436 2784 poena
462 2705 575 2766 soluta
609 2705 664 2766 hic
701 2706 755 2766 vel
790 2707 824 2766 in
860 2703 985 2774 futuro,
1010 2709 1093 2787 quia

130 2810 246 2877 nullus
269 2830 346 2871 cum
374 2811 489 2872 debito
512 2831 628 2892 poenae
649 2810 872 2873 beatificatur.
899 2812 974 2874 Aut
999 2815 1089 2874 enim

128 2936 244 2997 poenae
268 2918 370 2984 simul
394 2918 570 2979 solvendae
594 2929 674 2979 sunt
698 2939 774 2981 cum
792 2919 913 2999 gloria,
931 2931 989 2982 aut
1013 2931 1093 3001 post

128 3022 298 3104 gloriam;
324 3025 383 3084 sed
408 3034 528 3085 neutro
552 3025 664 3094 m0d0,
683 3027 763 3104 quia
779 3046 841 3086 nec
857 3047 962 3106 poena
977 3037 1092 3107 potest

128 3140 221 3190 stare
245 3149 321 3190 cum
346 3131 458 3211 gloria
482 3151 543 3192 nec
568 3131 749 3192 succedere
773 3133 916 3213 gloriae;
942 3153 1026 3215 ergo
1061 3136 1089 3194 si

128 3237 208 3315 quis
232 3236 317 3296 alias
339 3247 392 3298 est
415 3238 549 3297 debitor
572 3257 697 3317 prenae,
722 3248 856 3318 oportet
880 3241 972 3320 quod
995 3243 1092 3320 prius

127 3341 243 3403 solvat
267 3345 367 3403 istam
391 3362 529 3422 poenam
554 3363 616 3423 pro
639 3355 789 3423 peccato
816 3345 885 3406 Iste
902 3357 1015 3406 autem
1032 3349 1090 3427 qui

92 3445 96 3450 ”
126 3448 235 3529 digne
258 3451 420 3528 poenituit
433 3451 467 3509 in
480 3453 645 3510 extremis
658 3471 725 3511 non
743 3452 847 3512 solvit
863 3453 1004 3534 dignam
1021 3473 1093 3532 poe-

129 3575 208 3615 nam
232 3575 294 3634 pro
318 3567 458 3635 peccato
482 3557 524 3616 de
548 3577 616 3637 quo
641 3561 816 3637 poenituit3
844 3561 950 3640 igitur
990 3562 1089 3622 istam

127 3661 242 3721 solvet
265 3671 344 3741 post
368 3663 455 3724 hanc
483 3666 599 3724 vitam.
897 3649 906 3659 ”
