2600 4200
242 193 302 252 252
475 174 549 235 L1a.
575 173 627 234 IV
652 172 960 236 Ssuren‘rmuuu

216 352 317 413 stiam
340 361 375 412 et
397 350 596 413 absolvendi
622 352 857 431 poenitentem,
883 370 961 431 quae
997 370 1065 413 non
1095 362 1179 415 sunt

215 478 284 520 una
306 468 469 538 potestas,
493 460 574 538 quia
588 478 659 519 una
675 458 810 519 videtur
827 454 934 519 fuisse
950 459 1043 539 prior
1055 459 1176 532 altera;

216 566 251 627 in
263 562 371 626 Coena
381 564 471 624 enir'n
485 564 630 625 contulit
642 563 812 627 Dominus
826 563 1007 644 Apostolis
1019 566 1176 646 primam,

215 672 365 733 secunda
387 689 455 730 non
479 670 624 732 contulit
647 672 713 731 nisi
738 679 817 750 post
839 674 1132 733 resurrectionem.

303 778 382 837 Alz'a
404 779 517 853 opim'o,
547 777 678 838 scilicet
701 775 806 847 Scoti‚
839 776 922 838 dicit
955 779 1048 858 quod
1082 776 1179 841 Ordo

214 884 380 963 accipitur
403 883 593 963 dupliciter,
619 884 750 945 scilicet
773 888 979 945 communiter
993 896 1028 947 et
1033 888 1175 963 proprie.

215 990 402 1070 quuendo
425 999 539 1051 autem
562 992 770 1049 communiter
792 990 834 1051 de
847 992 974 1061 ordine,
992 992 1117 1053 dicitur
1132 992 1177 1053 ab

215 1096 417 1177 Augustino
441 1116 489 1172 19,
513 1096 550 1156 de
578 1096 670 1157 Civit.
696 1098 762 1157 Dei
783 1118 806 1157 c.
833 1116 880 1173 13.
906 1097 999 1177 quod
1014 1096 1108 1160 Ordo
1124 1108 1180 1159 est

213 1221 326 1264 rerum
351 1204 484 1283 parium
508 1204 765 1285 dispariumque
797 1206 981 1286 unicuique
1004 1204 1080 1267 loca
1113 1224 1179 1267 sua

214 1310 368 1371 tribuens
392 1328 546 1391 congrua
568 1310 760 1389 dispositio.
797 1310 843 1371 Et
867 1312 933 1372 isto
956 1312 1059 1373 modo
1092 1314 1178 1374 acci-

213 1418 327 1496 pimus
351 1418 577 1478 communiter
601 1418 822 1487 inuniverso
846 1418 1000 1480 ordinem
1032 1421 1174 1489 entium,

214 1524 303 1585 sicut
325 1522 477 1603 loquitur
501 1523 734 1604 Philosophus
758 1543 806 1585 12.
824 1524 962 1601 Melaph.
982 1524 1054 1586 Isto
1070 1528 1174 1587 etiam

213 1630 315 1691 modo
338 1631 504 1709 accipitur
527 1630 610 1691 ordo
634 1631 668 1691 in
701 1631 830 1709 politiis
865 1632 952 1693 bene
985 1631 1175 1712 dispositis,

214 1736 271 1798 ubi
296 1755 518 1816 personarum
542 1738 674 1816 parium
710 1745 745 1797 et
779 1738 959 1817 imparium
995 1738 1030 1799 in
1061 1738 1178 1818 aliqua

213 1843 335 1924 politia
357 1861 510 1924 congrua
533 1844 714 1923 dispositio
738 1845 863 1906 dicitur
878 1863 954 1905 esse
971 1841 1066 1907 Ordo
1082 1845 1177 1906 illius

213 1950 343 2030 politiae
368 1970 388 2009 a
412 1968 480 2029 quo
504 1950 628 2011 dicitur
651 1951 816 2012 ordinata.
835 1950 919 2012 Alio
936 1951 1038 2013 modo
1055 1952 1178 2031 accipi-

213 2065 269 2119 tur
293 2054 387 2118 Ordo
404 2059 544 2135 proprie,
566 2065 604 2118 ut
615 2067 669 2119 est
681 2058 809 2138 gradus
822 2058 1027 2128 eminentiae,
1045 2068 1080 2120 et
1096 2059 1177 2121 talis

214 2172 266 2224 est
290 2164 473 2243 descriptio
497 2165 584 2244 ejus:
610 2163 705 2226 Ordo
729 2173 781 2226 est
805 2166 933 2246 gradus
956 2167 1111 2228 eminens
1139 2169 1176 2228 in

213 2267 369 2330 Ecclesia
391 2271 577 2350 disponens
600 2290 752 2352 congrue
777 2272 819 2332 ad
835 2270 983 2351 aliquem
1001 2281 1113 2334 actum
1131 2274 1176 2334 ad

213 2378 502 2438 consecrationem
528 2377 583 2439 vel
618 2379 907 2458 dispensationem
944 2377 1175 2441 Eucharistiae

213 2485 449 2561 pertinentem.

301 2695 365 2756 De
386 2697 564 2759 secundo
588 2695 793 2772 Articulo,
818 2698 948 2759 scilicet
979 2708 1063 2778 quot
1091 2709 1174 2761 sunt

213 2799 370 2869 Ordines,
396 2802 531 2862 videtur
554 2803 713 2882 aliqualis
737 2824 812 2864 esse
830 2807 1072 2874 controversia,
1089 2807 1174 2887 quia

212 2910 398 2968 canonistae
431 2909 548 2969 dicunt
584 2912 658 2969 sive
693 2921 892 2990 computant
926 2911 1172 2992 Episcopatum

212 3015 301 3074 inter
335 3013 492 3076 Ordines.
529 3015 574 3076 Et
609 3017 702 3078 istud
736 3016 937 3080 confirmant
971 3020 1174 3080 auctoritate

212 3120 373 3201 Dionysii
394 3140 426 3197 5.
452 3125 566 3182 Ecclcs.
597 3125 777 3192 Hierarclz,
817 3126 874 3203 qui
910 3127 1007 3204 ponit
1038 3134 1172 3186 tantum

211 3234 281 3286 tres
305 3227 463 3298 Ordines,
499 3229 629 3290 scilicet
664 3233 907 3310 episcopatum,
944 3231 1171 3292 sacerdotium

212 3341 247 3393 et
270 3333 494 3395 diaconatum.
522 3335 606 3396 Item
632 3339 832 3397 auctoritate
858 3337 978 3398 Isidori
1004 3355 1032 3416 7.
1046 3339 1175 3414 Elyma-

211 3440 271 3517 log.
296 3461 320 3500 c.
346 3461 404 3508 12,
434 3444 490 3520 qui
517 3444 613 3521 ponit
638 3441 882 3522 Episcopatum
907 3442 1172 3507 csseOrdinem.

212 3545 297 3606 Item
322 3550 524 3608 auctoritato
548 3551 688 3609 canonis
714 3551 770 3629 qui
796 3551 932 3629 ponitur
958 3553 1041 3611 Dr'sl.
1067 3571 1115 3612 21.
1145 3575 1170 3614 c.
