2600 4200
176 219 180 227 '
272 237 461 300 msnucr.
488 237 575 299 vm
601 236 754 317 Quasi.
779 236 814 298 11
840 251 885 298 Er
910 236 962 298 111
1037 258 1095 316 103

121 399 133 422 ⁰
160 416 266 477 etesia
299 436 440 478 romana
474 425 526 477 est
561 417 603 477 de
643 417 846 477 necessitate
883 416 1031 478 ministri
1072 418 1122 476 uti

162 521 271 583 forma
294 542 372 604 quae
396 524 535 603 ponitur
559 525 593 584 in
618 522 766 585 Canone.

252 736 316 799 De
333 736 455 799 tertio
470 734 677 812 Autobulo,
694 735 825 797 scilicet
841 734 923 814 quid
940 736 1007 795 ista
1019 735 1125 795 verba

163 841 369 924 significant,
395 842 549 923 nunquid
574 841 771 922 significant
806 842 1031 902 substantiam
1069 861 1126 921 pa·

163 951 227 1021 nis,
252 969 295 1010 an
319 951 516 1032 accidentia,
542 949 598 1010 vel
614 947 749 1028 Corpus
783 946 920 1010 Christi.
945 945 1015 1010 Sed
1050 950 1125 1009 sive

163 1054 359 1138 significent
375 1057 601 1118 substantiam
617 1058 727 1136 panis,
745 1057 819 1116 sive
835 1056 1032 1124 accidentia,
1050 1058 1127 1117 sive

164 1162 296 1242 Corpus
308 1162 446 1234 Christi,
464 1164 599 1224 videtur
615 1163 805 1243 propositio
821 1159 918 1232 falsa,
935 1164 1017 1242 quia
1032 1163 1125 1223 istud

164 1289 350 1349 pronomen
375 1271 429 1330 lzoc
455 1269 511 1331 vel
545 1270 757 1331 demonstrat
789 1287 853 1350 pro
887 1268 947 1330 illo
982 1270 1124 1330 instanti

164 1396 226 1456 pro
250 1395 318 1456 quo
341 1374 522 1456 profertur,
547 1376 603 1436 vel
627 1395 690 1456 pro
722 1376 799 1437 alio,
835 1375 913 1438 Non
948 1395 1011 1456 pro
1046 1375 1125 1445 aliu,
1168 1450 1173 1458 Ι

164 1484 257 1562 quod
279 1494 393 1563 patet;
423 1502 508 1564 ergo
543 1484 755 1544 demonstrat
789 1502 852 1564 pro
888 1483 947 1544 illo
982 1484 1124 1544 instanti

165 1609 226 1669 pro
243 1609 311 1670 quo
327 1588 507 1669 profertur,
525 1599 559 1650 et
586 1599 667 1651 tunc
684 1609 751 1650 non
768 1598 821 1650 est
837 1587 970 1669 Corpus
986 1587 1123 1651 Christi.

254 1697 312 1758 Ad
336 1697 400 1758 hoc
424 1697 549 1758 dicitur
571 1696 817 1775 multipliciter,
843 1696 935 1776 quod
963 1695 1027 1758 hoc
1050 1715 1127 1776 pro-

166 1823 289 1866 nomen
313 1805 367 1863 hoc
400 1804 612 1864 demonstrat
646 1804 691 1864 ibi
727 1803 860 1883 Corpus
894 1801 1021 1864 Christi
1057 1822 1124 1863 non

166 1912 392 1972 substantiam
416 1913 525 1991 panis,
550 1929 661 1991 neque
696 1910 904 1981 accidentia;
941 1928 1018 1971 nam
1053 1928 1126 1970 ver-

165 2019 246 2079 bum
286 2018 512 2098 quodcunque
551 2027 666 2097 potest
705 2019 779 2098 capi
819 2016 1010 2096 dupliciter.
1055 2017 1129 2077 Uno

167 2128 253 2185 modo
276 2136 390 2206 potest
413 2128 487 2205 capi
513 2126 706 2207 secundum
731 2144 781 2197 se;
806 2126 870 2184 alio
903 2126 991 2183 modo
1024 2133 1127 2204 prout

167 2243 219 2294 est
242 2252 322 2313 pars
349 2232 492 2312 alicujus
527 2233 701 2293 orationis.
727 2232 838 2291 Primo
871 2233 967 2299 modo,
996 2231 1126 2292 scilicet

167 2341 332 2399 secundum
356 2360 388 2399 se
411 2358 511 2399 omne
535 2358 658 2400 nomen
683 2339 786 2399 habet
821 2357 920 2399 suum
957 2336 1127 2418 significa-

168 2456 239 2507 tum
264 2447 298 2507 in
323 2446 462 2506 instanti
489 2444 619 2507 ultimae
644 2444 777 2507 sillabae
804 2446 892 2524 ejus;
917 2446 1048 2504 secundo
1071 2464 1127 2505 au·

168 2564 235 2615 tem
260 2554 356 2620 neodo,
385 2552 515 2613 scilicet
539 2562 576 2613 ut
600 2562 653 2613 est
669 2559 751 2629 pars
785 2552 928 2631 alicujus
962 2554 1121 2618 orationis,

169 2680 236 2721 non
260 2660 362 2721 habet
386 2678 485 2719 suum
510 2656 741 2739 significatum
766 2660 832 2718 nisi
864 2660 898 2719 in
934 2658 1055 2719 ultimo
1080 2659 1129 2718 in-

169 2767 272 2826 stanti
296 2765 499 2845 prolationis
524 2767 629 2825 totius
654 2767 828 2826 orationis,

257 2874 316 2933 Ad
339 2874 552 2952 propositum
577 2891 661 2953 ergo
685 2872 809 2933 dieitur
832 2872 924 2952 quod
948 2872 1032 2932 illud
1052 2890 1128 2951 pro·

170 3000 291 3040 nomen
316 2981 370 3039 hoc
393 2981 531 3059 ponitur
555 2981 589 3039 in
615 2978 675 3040 illa
697 2980 851 3039 oratione
874 3000 935 3037 non
959 2979 1126 3037 secundum

169 3108 209 3153 se,
238 3087 298 3147 sed
322 3095 359 3147 ut
382 3093 533 3164 estpars
556 3088 714 3152 orationis,
743 3095 777 3146 et
811 3085 887 3146 ideo
923 3105 990 3145 non
1025 3084 1127 3145 habet

170 3213 268 3255 suum
294 3192 523 3274 significatum
548 3194 613 3253 nisi
639 3194 674 3253 in
698 3192 819 3253 ultimo
844 3193 984 3253 instanti
1018 3192 1128 3271 prola·

170 3302 273 3361 tionis
297 3302 402 3360 totius
426 3301 611 3370 orationis;
637 3300 697 3360 sed
721 3318 783 3378 pro
807 3298 867 3359 illo
899 3300 1040 3359 instanti
1075 3307 1128 3358 est

171 3406 303 3487 Corpus
327 3404 467 3479 Christi;
493 3426 578 3487 ergo
601 3406 813 3466 demonstrat
835 3405 969 3485 Corpus
1000 3404 1127 3466 Christi

170 3534 232 3594 pro
256 3513 377 3575 ultimo
401 3514 541 3574 instanti
565 3514 777 3593 prolationis.
803 3514 871 3571 Hoc
897 3513 1128 3591 confirmatur,-

170 3630 304 3682 constat
327 3621 417 3681 enim
435 3619 526 3699 quod
543 3619 628 3680 illud
645 3638 832 3699 pronomen
849 3620 912 3686 hoc,
934 3637 996 3697 pro
1013 3618 1130 3697 aliquo
