2600 4200
381 228 570 290 DISrrn'c'r.
597 227 669 289 XII
696 227 847 308 Quffisr.
874 227 889 288 Ι
1030 247 1088 307 157

149 412 251 466 acirim
270 406 324 466 vel
337 406 524 467 secundum
541 408 755 484 aptitudinem.
771 444 812 450 —
825 406 923 468 Tunc
939 427 1031 486 pono
1043 419 1113 468 tres

150 511 411 573 Conclusiones:

219 619 330 681 Pn'ma
344 622 479 688 estista,
488 620 580 699 quod
593 619 765 699 loquendo
777 619 820 680 de
822 626 884 697 per
893 640 927 680 se
936 611 1115 700 significato

150 726 345 798 accidentis,
370 726 594 788 contradictio
618 735 670 787 est
683 728 795 806 ipsum
813 746 881 787 non
898 745 974 787 esse
991 728 1025 787 in
1038 727 1116 788 sub-

145 833 251 912 jecto;
277 832 435 913 intelligo
460 829 675 894 uniformiter
698 834 733 893 in
757 833 911 913 subjecto
934 842 968 894 et
992 832 1114 913 praedi·

149 949 236 1008 cat0,
261 937 391 1000 scilicet
415 940 443 999 si
468 947 556 1005 actu,
582 949 674 1008 actu;
700 941 729 1000 si
756 939 957 1019 aptitudine.
991 940 1114 1019 aptitu-

149 1046 237 1106 dine.
264 1083 304 1090 —
331 1045 402 1106 Ista
425 1043 608 1107 Conclusio
626 1046 790 1124 probatur,
819 1047 901 1126 quia
924 1065 984 1125 per
1011 1065 1048 1124 se
1072 1047 1115 1106 si-

148 1151 349 1234 gnificatum
384 1153 486 1232 hujus
525 1153 675 1213 nominis
708 1153 847 1212 accinens
881 1163 935 1213 est
972 1152 1112 1232 quidam

148 1269 325 1340 respectus
349 1260 391 1320 ad
415 1260 501 1320 illud
524 1261 577 1320 cui
596 1260 730 1328 accidit,
748 1279 849 1340 quem
866 1259 1113 1340 importathaec

149 1366 254 1427 dictio
278 1367 435 1426 z'nhoerens
458 1367 500 1427 ad
525 1367 610 1427 illud
634 1368 688 1426 cui
714 1367 867 1427 inhaeret.
886 1365 987 1426 Nunc
999 1377 1113 1427 autem

150 1473 238 1534 idem
264 1471 494 1555 significatum
519 1483 572 1534 est
594 1473 760 1532 accidentis
787 1483 821 1533 et
853 1472 1039 1540 accidentiae,
1076 1482 1114 1533 ut

150 1581 198 1641 ita
220 1580 351 1660 loquar,
376 1589 410 1639 et
434 1581 615 1639 inherentes
638 1588 673 1640 et
697 1579 899 1639 z'nhoerenlio.
914 1577 1011 1639 Sicut
1027 1597 1113 1661 ergo

149 1686 362 1766 impossibile
386 1695 437 1747 est
462 1687 650 1747 accidentia
673 1705 750 1746 esse
773 1695 807 1746 et
831 1705 898 1746 non
936 1686 981 1746 sit
1014 1685 1117 1747 inhae·

149 1794 269 1864 remia,
295 1795 322 1853 si
350 1803 438 1862 actu,
474 1803 568 1862 actu;
606 1794 634 1853 si
671 1792 872 1871 aptitudine.
908 1791 1114 1872 aptitudine;

151 1902 199 1962 ita
222 1900 436 1980 impossibile
459 1910 512 1961 est
530 1899 659 1979 aliquid
672 1918 748 1960 esse
760 1899 927 1966 accidens,
944 1898 1116 1978 loquendo

150 2008 192 2068 de
217 2026 338 2088 perse
374 2004 569 2089 significato
603 2017 637 2066 et
671 2007 783 2086 primo
818 2006 920 2086 hujus
955 2005 1115 2075 nominis

150 2116 233 2195 quin
259 2116 303 2175 sit
329 2114 500 2175 inhaerens
523 2113 870 2195 proportionabiliter,
896 2113 960 2174 hoc
992 2122 1054 2183 est,
1086 2113 1115 2173 si

149 2232 238 2289 actu,
265 2232 356 2293 actu;
382 2222 410 2281 si
436 2221 636 2301 aptitudine,
662 2220 863 2300 aptitudine.

240 2329 381 2387 ,S'ecnnda
411 2328 570 2387 (orzclrnio
594 2338 645 2387 est
677 2326 770 2407 quod
806 2325 978 2405 loquendo
1009 2326 1051 2385 de
1082 2346 1117 2385 eo

150 2435 234 2513 quod
252 2436 473 2513 denonnuann
495 2454 515 2494 a
538 2453 599 2513 per
623 2453 661 2494 se
684 2431 880 2514 significato
914 2432 1114 2502 accidentis,

149 2550 184 2603 et
207 2553 260 2602 est
283 2559 344 2621 per
368 2560 404 2600 se
428 2547 589 2617 respectus,
618 2540 843 2601 contradictio
866 2548 920 2599 est
950 2538 1043 2618 quod
1070 2541 1117 2600 sit

149 2649 224 2709 sine
248 2648 411 2728 subjecto,
436 2657 470 2707 et
493 2646 557 2707 hoc
581 2656 669 2715 actu,
695 2645 897 2706 itascilicet
925 2645 1017 2725 quod
1047 2664 1115 2705 non

150 2764 228 2815 actu
252 2755 416 2816 inhaereat
440 2753 603 2832 subjecto
629 2752 796 2819 Probatur,
825 2753 907 2831 quia
935 2761 1116 2831 respectus

149 2870 203 2921 est
227 2860 456 2921 essentialiter
480 2860 644 2921 habitudo
671 2860 849 2919 interduo
884 2867 1049 2925 extrema,
1081 2868 1115 2919 et

151 2968 228 3028 ideo
253 2968 343 3027 sicut
369 2966 488 3027 tollere
509 2964 695 3025 'terminum
721 2966 763 3025 ad
786 2984 888 3045 quem
912 2974 965 3025 est
987 2983 1120 3044 respec-

150 3083 216 3143 tus,
241 3084 293 3135 est
310 3075 484 3134 destruere
496 3081 698 3152 respectum,
719 3074 768 3132 ita
783 3072 903 3133 tollere
920 3071 1005 3132 illud
1020 3072 1119 3151 cujus

149 3190 204 3242 cst
226 3190 415 3261 respectus,
441 3188 493 3241 est
517 3180 693 3239 destruere
729 3180 894 3239 rationem
926 3188 1117 3257 respectus;

151 3307 217 3349 non
244 3289 352 3369 igitur
376 3290 456 3367 quia
479 3295 656 3366 respectus
681 3295 733 3347 est
757 3286 926 3354 accidens,
963 3286 1040 3345 ideo
1070 3306 1120 3345 re-

150 3396 258 3475 quirit
283 3394 472 3474 subjectum
501 3392 556 3454 vel
582 3390 852 3460 fundamentum,
878 3392 937 3453 sed
961 3393 1043 3471 quia
1065 3401 1118 3453 est

149 3511 336 3580 respectus.

249 3608 353 3666 Tertio
387 3608 548 3667 Conclusio
571 3615 622 3666 est
647 3608 723 3675 ista,
748 3606 840 3685 quod
864 3604 950 3665 illud
974 3606 1059 3683 quod
1070 3606 1120 3664 de·
