2600 4200
273 217 462 280 Drsrmcr.
488 216 658 278 XXXIV
684 215 835 297 QUAEST.
856 216 872 278 Ι
975 238 1034 294 311

100 399 249 458 mittitur
272 405 384 458 autem
409 396 474 457 hoc
498 395 540 456 de
563 393 674 456 forma
695 394 802 456 libelli
820 395 963 475 repudii,
981 396 1064 476 quia

101 506 136 566 in
160 503 276 564 libello
300 503 369 572 illo,
395 502 581 563 secundum
607 501 869 582 Hieronymum,
894 502 959 562 erit
982 501 1064 562 talis

100 611 279 690 scriptura,
310 610 484 688 praemitto
519 609 611 688 quod
645 627 819 688 nunquam
855 610 1064 670 conveniant

100 735 227 786 secum,
252 725 286 776 et
309 715 448 776 habebit
475 714 598 776 mulier
631 735 677 776 ex
711 715 936 795 permissione
972 714 1073 796 legis.

101 831 304 904 potestatem
330 821 422 902 quod
445 822 555 901 possit
579 821 675 882 alteri
700 821 863 901 copulari.
888 818 927 882 Si
947 831 1062 882 autern

101 929 198 990 alteri
222 928 447 1008 copulabatur
470 948 537 989 non
562 938 697 1008 poterat
717 929 827 989 redire
844 928 887 989 ad
903 929 1062 1008 primum.

102 1035 149 1098 Et
172 1037 221 1098 sic
255 1036 414 1115 quaedam
449 1046 546 1097 erant
580 1035 636 1097 hic
664 1037 867 1113 permissivo,
906 1035 1063 1114 quaedam

102 1143 304 1209 recordativa,
348 1142 506 1222 quaedam
539 1143 713 1219 praecativa,
756 1141 836 1202 licet
875 1141 1063 1202 secundum

103 1249 237 1330 aliquos
271 1248 339 1310 ista
372 1249 439 1310 dici
473 1257 615 1328 possent
648 1249 816 1328 punitiva.
852 1247 1065 1310 Permissiva

102 1365 199 1418 erant
222 1356 303 1436 quia
325 1357 379 1416 vir
402 1364 536 1436 poterat
559 1373 701 1415 uxorem
731 1354 920 1435 repudiare,
937 1363 972 1415 et
987 1355 1065 1434 ipsa

102 1462 281 1542 repudiata
303 1470 437 1543 poterat
460 1480 537 1522 cum
561 1461 629 1521 alio
656 1461 865 1523 contrahere.
891 1459 1064 1521 Recorda-

102 1570 176 1630 tiva
199 1579 294 1630 erant
318 1569 486 1649 scriptura
508 1567 624 1630 libelli.
650 1567 829 1629 Privativa
850 1576 957 1637 erant,
982 1567 1065 1647 quia

102 1677 132 1736 si
156 1676 334 1756 repudiata
357 1693 434 1736 cum
461 1675 528 1736 alio
562 1675 792 1736 contraxisset
827 1694 894 1735 non
929 1682 1064 1754 poterat

102 1782 147 1843 ad
170 1783 317 1862 primum
340 1783 460 1844 redire.

193 1887 260 1950 His
283 1889 482 1969 praemissis
507 1897 588 1949 sunt
611 1887 677 1949 tria
700 1887 859 1948 videnda.
883 1887 1003 1954 Primo,
1032 1887 1063 1948 si

104 1996 171 2056 ista
192 1995 383 2076 repudiatio
406 2006 478 2057 erat
500 1994 603 2058 licita.
630 1995 779 2063 Secundo,
801 1994 974 2074 quomodo
989 2002 1065 2054 erat

104 2104 280 2183 permissa.
313 2104 424 2170 Tertio,
452 2102 599 2184 qualiter
623 2122 690 2164 non
707 2112 780 2164 erat
795 2102 986 2163 communis
1003 2099 1065 2162 illa

103 2210 304 2289 repudiatio,
329 2219 368 2270 ut
391 2210 479 2270 sicut
495 2210 550 2270 vir
565 2218 698 2289 poterat
713 2209 892 2289 repudiare
908 2227 1071 2279 uxorem,

104 2317 154 2377 sic
177 2335 196 2377 e
219 2334 395 2386 convers0,
419 2324 482 2377 etc.

198 2544 415 2625 Quantum
438 2544 495 2607 ad
513 2544 711 2623 mirratum
727 2543 852 2605 dicitur
874 2544 1063 2623 tripliciter.

105 2651 225 2719 Primo,
253 2650 345 2731 quod
376 2652 442 2712 ista
475 2651 668 2730 repudiatio
702 2660 775 2711 erat
809 2649 937 2712 illicita.
964 2650 1065 2711 Patet

104 2756 305 2819 auctoritate
340 2754 467 2819 Christi
502 2758 729 2837 reprobantis
751 2774 836 2818 eam.
873 2757 986 2817 Marta.
1012 2776 1062 2832 19.

104 2864 153 2925 ait
176 2865 266 2924 enim
291 2865 360 2925 sic:
386 2864 461 2925 dico
485 2865 585 2925 vobis
608 2864 703 2944 quod
725 2864 932 2943 quicumque
966 2862 1068 2923 dimi·

105 2971 187 3031 serit
211 2988 352 3031 uxorem
376 2980 522 3051 excepta
543 2990 647 3032 causa
670 2968 1066 3031 fomicationismoecha·

105 3084 169 3137 tur.
195 3112 236 3121 —-
261 3076 410 3144 Secundo,
431 3096 492 3158 per
508 3079 674 3139 rationem
691 3074 830 3145 Christi,
847 3075 939 3135 z'bial:
956 3074 1063 3146 Deus,

105 3184 226 3263 inquit,
250 3203 271 3243 a
293 3184 462 3263 principio
485 3184 664 3265 conjunxit
683 3182 873 3244 masculum
897 3189 932 3243 et
955 3180 1066 3244 foemi-

106 3308 183 3351 nam
208 3290 510 3351 matrimonialiter.
535 3290 617 3352 Ideo
641 3308 728 3371 quos
755 3288 851 3351 Deus
885 3289 1066 3369 conjunxit

105 3378 208 3439 homo
231 3398 299 3439 non
323 3388 467 3459 separet.
493 3414 534 3423 -
571 3381 683 3445 Tertio,
710 3397 773 3460 per
806 3378 1064 3457 responsionem

105 3485 214 3565 ipsius
238 3483 365 3548 Christi
389 3485 433 3546 ad
456 3488 683 3567 quaestionem
700 3485 958 3565 pharisaeorum.
977 3482 1064 3545 Cum

105 3592 196 3653 enim
220 3591 269 3652 illi
294 3592 498 3673 objicerent:
523 3592 606 3673 quid
629 3611 714 3674 ergo
729 3590 906 3652 mandavit
921 3589 1074 3671 Moyses.
