2600 4200
232 276 294 339 23²
466 260 540 323 Lra.
565 260 609 323 111
634 260 939 326 Saa‘rarrraamr

275 464 446 539 Prceterea,
468 465 575 547 justus
597 475 645 528 est
669 465 725 547 qui
752 474 840 528 caret
865 464 955 527 omni
987 464 1091 544 malo;
1115 467 1175 529 sed

207 572 315 637 nullus
338 581 426 635 caret
448 572 538 635 omni
563 572 649 634 malo
666 572 725 634 nisi
742 571 860 634 habeat
883 591 997 634 omnes
1019 570 1173 648 virtutes;

207 700 286 763 ergo
310 677 444 741 virtutes
468 687 543 760 sunt
567 698 728 741 connexae
752 678 834 741 inter
861 698 903 741 se.

274 786 459 866 Praeterea,
498 783 710 848 confirmatur
756 784 820 848 hoc
858 805 915 867 per
963 783 1173 847 auctoritates

208 892 414 972 Sanctorum,
438 913 577 975 quarum
603 912 667 953 una
690 900 739 954 est
754 891 903 974 Gregorii
924 891 960 953 in
975 890 1171 954 Moralibus.

206 998 285 1062 Alia
308 1008 356 1062 est
380 1000 488 1081 glossa
513 998 548 1061 in
563 999 704 1081 ‘ApocaL
740 999 823 1060 sicut
857 997 917 1061 tuit
951 1007 1105 1080 argutum
1129 998 1172 1060 ad

207 1105 391 1187 principale.

278 1208 416 1280 Contra
441 1208 555 1279 istam
590 1209 810 1297 Opinionem
844 1210 997 1292 objicitur
1019 1211 1080 1271 sic:
1108 1212 1172 1273 vir-

206 1328 292 1381 tutes
315 1338 380 1380 non
406 1318 583 1381 necessario
615 1327 692 1380 sunt
721 1338 880 1382 connexae
904 1316 937 1379 in
960 1338 1029 1379 esse
1052 1317 1171 1399 imper-

206 1423 308 1493 fecto:
332 1444 412 1506 ergo
448 1444 507 1486 nec
530 1425 562 1487 in
586 1444 655 1487 esse
678 1423 830 1506 perfecto.
866 1422 1063 1486 Antecedens
1096 1443 1171 1485 con·

206 1530 329 1593 ceditur
364 1532 405 1593 ab
440 1531 494 1593 eis
536 1529 766 1613 Consequentia
800 1529 957 1612 probatur
991 1529 1052 1592 sic:
1088 1530 1172 1593 sicut

130 1634 132 1637 ’
207 1638 341 1699 virtutes
365 1638 489 1701 inesse
513 1637 704 1720 imperfecto
726 1638 938 1719 acquiruntur
967 1657 1010 1699 ex
1033 1636 1169 1711 actibus,

205 1744 249 1805 ita
272 1744 370 1807 etiam
397 1744 429 1806 in
465 1764 533 1807 esse
568 1744 728 1827 perfecto;
763 1765 843 1826 ergo
877 1744 960 1806 sicut
994 1752 1102 1825 potest
1136 1764 1171 1807 se

206 1870 359 1941 exercere
380 1851 410 1911 in
436 1851 562 1914 actibus
598 1872 700 1933 usque
732 1851 775 1912 ad
809 1850 949 1933 gradum
983 1850 1110 1912 virtutis
1137 1850 1170 1912 in

204 1978 273 2019 esse
297 1956 496 2039 imperfecto,
521 1958 565 2020 ita
588 1967 696 2041 potest
719 1978 753 2019 se
775 1977 925 2020 exercere
948 1957 980 2018 in
1003 1956 1071 2019 aliis
1094 1958 1172 2020 acti-

206 2063 268 2127 bus
292 2084 394 2146 usque
418 2065 460 2127 ad
484 2066 624 2148 gradum
648 2062 846 2146 perfectum3
870 2082 949 2146 ergo
965 2063 991 2126 si
1007 2084 1074 2126 non
1093 2073 1171 2126 sunt

207 2190 366 2232 connexas
391 2171 422 2233 in
447 2173 550 2254 gradu
574 2170 765 2256 imperfecto
799 2171 943 2252 sequitur
977 2170 1067 2252 quod
1102 2191 1168 2233 non

202 2278 383 2348 necessario
406 2278 470 2340 sint
493 2297 654 2340 connexae
677 2278 711 2340 in
734 2278 837 2359 gradu
862 2277 1014 2358 perfecto.
1036 2277 1081 2337 Et
1104 2276 1168 2340 hoc

204 2382 287 2456 idea,
316 2392 352 2445 ut
386 2384 511 2447 dietum
546 2394 604 2460 est,
639 2385 718 2467 quia
751 2392 859 2467 potest
892 2404 926 2446 se
959 2403 1112 2445 exercere
1135 2383 1169 2446 in

204 2489 330 2553 actibus
352 2489 437 2553 circa
461 2491 630 2554 materiam
647 2491 743 2552 unius
757 2490 885 2553 virtutis
901 2510 967 2552 non
983 2489 1170 2552 exercendo

203 2615 237 2658 sc
260 2595 344 2660 circa
368 2597 535 2660 materiam
559 2597 690 2660 alterius
712 2596 848 2660 virtutis.

269 2703 492 2784 Respondetur
514 2704 604 2786 quod
627 2704 711 2767 bene
734 2713 842 2787 potest
857 2723 891 2766 se
912 2722 1065 2765 exercere
1080 2702 1166 2765 circa

204 2811 373 2873 materiam
398 2811 493 2874 unius
505 2811 631 2874 virtutis
649 2811 685 2874 in
697 2832 742 2884 re,
759 2831 825 2873 non
841 2809 1025 2872 exercendo
1036 2829 1071 2872 se
1083 2809 1170 2872 cirea

204 2917 372 2979 materiam
403 2918 533 2980 alterius
564 2918 707 2980 virtutis:
733 2926 843 2980 tamen
872 2915 908 2979 in
943 2925 1101 2997 conceptu,
1125 2915 1169 2978 de

204 3023 391 3085 necessitate
415 3023 513 3087 habet
549 3024 717 3087 materiam
741 3023 871 3086 alterius
905 3022 1042 3095 virtutis,
1065 3021 1168 3085 etsie

206 3151 272 3192 non
295 3131 452 3192 exercitat
476 3151 510 3194 se
525 3130 610 3193 circa
634 3129 802 3193 materiam
824 3129 919 3192 unius
941 3128 1068 3191 virtutis
1086 3127 1168 3210 quin

203 3235 301 3300 etiam
326 3237 482 3299 exercitet
505 3257 538 3300 se
561 3237 646 3301 circa
671 3237 840 3300 materiam
874 3233 1004 3298 alterius
1026 3235 1168 3299 virtutis.

203 3341 248 3404 Et
273 3342 335 3404 hoc
360 3363 425 3405 non
449 3343 544 3418 valet,
569 3344 647 3425 quia
670 3343 821 3427 possibile
854 3350 912 3417 est,
937 3342 1019 3404 sicut
1041 3340 1170 3423 experi-

204 3469 286 3524 mur,
299 3450 390 3530 quod
413 3449 530 3531 aliquis
546 3465 610 3513 no'n
636 3449 755 3512 habeat
768 3449 935 3512 materiam
958 3447 1095 3529 alicujus
1106 3447 1171 3509 vir-

177 3534 280 3616 'tutis
304 3574 362 3616 nec
385 3555 418 3618 in
443 3576 476 3618 re
500 3577 559 3619 nec
583 3557 616 3620 in
639 3567 810 3638 conceptu.
836 3557 881 3619 Et
904 3564 1071 3638 praeterea,
1086 3575 1168 3617 cum

203 3659 346 3722 materiae
370 3661 433 3722 sint
457 3661 603 3738 diversae,
628 3671 660 3726 et
682 3663 834 3726 voluntas
857 3662 897 3726 sit
908 3661 1017 3736 libera,
1042 3681 1110 3725 non
1122 3661 1170 3724 vi·
