2600 4200
350 223 538 288 Drs'rmcr.
564 223 594 286 11
619 222 765 304 Quasr.
790 224 805 286 1
1032 241 1072 304 ¹9

194 428 299 495 Una
322 433 391 494 eal
418 429 597 494 Tltomoe
619 438 653 492 et
676 431 855 493 multorum
886 431 1092 513 sequentium

120 553 197 598 eum
217 547 312 618 part.
322 554 356 614 j.
371 558 402 617 q.
417 554 445 597 1.
459 547 521 598 art.
532 554 566 614 j.
580 538 671 617 quod
686 537 711 600 si
728 536 830 599 homo
847 558 912 600 non
929 547 1093 620 peccasset

124 645 215 707 Deus
240 663 309 706 non
334 641 447 704 suisset
469 643 665 714 incarnatus
688 643 766 724 quia
788 643 873 706 circa
893 643 1016 706 factum
1039 645 1093 708 In·

121 751 324 814 carnationis
348 749 507 810 debemus
530 761 639 812 tenere
661 751 753 832 quod
776 751 852 813 dicit
869 751 1037 833 Scriptura
1059 760 1091 815 et

124 859 289 920 Doctores
306 856 436 930 Sancti;
454 857 510 918 sed
527 859 688 918 Doctores
703 857 804 918 sancti
820 867 852 919 et
869 857 1036 940 Scriptura
1047 859 1093 921 di·

120 975 202 1028 cunt
227 963 322 1045 quod
348 963 373 1024 si
398 963 499 1024 homo
523 983 589 1024 non
613 973 777 1044 peccasset
808 964 899 1026 Deus
930 985 996 1027 non
1020 964 1093 1028 fuis·

123 1083 170 1133 set
193 1071 404 1144 incarnatus;
428 1089 517 1152 ergo.
543 1070 695 1132 Probatio
719 1071 856 1132 minoris
880 1091 936 1152 per
949 1071 1093 1152 Aposto-

124 1179 191 1240 lum
216 1179 266 1239 ad
293 1177 369 1238 Gal.
390 1194 424 1254 j.
450 1187 614 1258 utsupra.
640 1177 734 1248 Item,
751 1177 960 1259 Augustinus
984 1179 1018 1240 in
1035 1179 1090 1242 lib.

122 1287 160 1347 de
185 1284 296 1346 verbis
319 1283 461 1345 Domini
481 1283 559 1345 dicit
581 1284 672 1363 quod
695 1284 719 1345 si
745 1283 846 1346 homo
869 1305 935 1346 non
967 1305 1092 1365 peccas-

121 1402 181 1462 set,
208 1391 359 1454 Christus
384 1390 416 1450 in
440 1389 601 1451 mundum
619 1411 685 1452 non
701 1391 848 1453 venisset.
865 1391 958 1463 Item,
976 1391 1091 1455 Glossa

123 1519 223 1579 super
237 1515 267 1559 ι.
283 1497 391 1577 Epist.
408 1496 456 1558 ad
475 1495 612 1558 Ii'motle.
630 1497 707 1558 dicit
729 1497 791 1558 sic:
817 1499 905 1558 nulla
920 1519 1017 1560 causa
1041 1519 1091 1561 ve·

124 1605 233 1666 aiendi
260 1602 322 1664 fuit
347 1603 478 1666 Christo
503 1603 649 1665 Domino
677 1614 788 1666 nostro
823 1605 881 1666 nisi
906 1614 1091 1686 peccatores

119 1713 232 1773 salros
257 1709 379 1783 facere;
404 1710 481 1771 tolle
507 1711 647 1782 morbos,
672 1712 749 1772 tolle
772 1712 915 1784 vulnera,
940 1712 1028 1773 nulla
1043 1722 1091 1774 est

122 1839 223 1880 causa
248 1817 430 1882 medicinas.
456 1817 548 1889 Item,
574 1817 752 1879 Anselmus
776 1817 831 1878 lib.
867 1819 906 1880 de
933 1817 1091 1879 lacurna-

122 1925 210 1986 tiunc
243 1923 347 1994 Verbi,
365 1924 459 1985 dicit:
485 1944 560 2004 quar
583 1934 651 1985 erat
667 1945 764 1985 causa
780 1925 1008 1986 incarnationis
1032 1925 1090 1986 nisi

124 2041 161 2092 ut
185 2052 264 2092 caro
280 2051 356 2113 quae
373 2039 563 2113 peccaverat
580 2031 798 2092 redimeretur.
814 2032 905 2100 Item,
920 2016 989 2092 Leo
1003 2031 1090 2113 Papa

124 2140 159 2200 iu
183 2158 347 2200 sermone:
372 2139 396 2199 si
422 2138 523 2200 homo
547 2158 612 2199 non
636 2149 810 2219 peccasset,
845 2148 970 2199 creator
1005 2160 1089 2200 crea·

124 2256 199 2307 tura
223 2266 292 2307 non
317 2243 427 2307 fuisset
451 2243 565 2306 sactus.

192 2352 367 2425 Praeterea,
404 2352 548 2413 secundo
587 2352 803 2433 prmcipaliter
837 2351 893 2415 sic.
930 2352 963 2415 Si
999 2353 1090 2415 Deus

123 2461 236 2522 suisset
262 2460 447 2521 incarnatus
471 2468 546 2520 ante
570 2468 752 2539 peccatum,
775 2469 833 2521 aut
856 2458 966 2521 fuisset
995 2480 1091 2540 prop

123 2578 172 2629 ter
196 2566 404 2647 dignitatem,
428 2575 485 2627 aut
510 2576 641 2647 propter
654 2566 887 2628 necessitatem.
906 2566 980 2628 Nou
996 2588 1091 2647 prop·

123 2682 174 2735 ter
196 2674 404 2753 dignitatem,
428 2672 505 2753 quia
544 2670 680 2733 nobilior
718 2681 766 2733 est
804 2682 920 2734 natura
943 2673 1090 2753 angelica

120 2802 225 2862 quam
253 2779 407 2849 humana,
431 2790 463 2840 et
485 2787 596 2840 tamen
632 2799 698 2840 non
733 2780 908 2859 assumpsit
940 2791 1089 2842 naturam

124 2886 327 2967 angelicam
352 2906 417 2948 non
441 2886 539 2947 etiam
564 2895 697 2967 propter
713 2887 945 2958 necessitatem,
963 2888 1041 2967 quia
1063 2886 1089 2949 si

117 2993 316 3055 nonfuisset
340 3002 511 3073 peccatum
537 3013 602 3055 non
627 2991 736 3055 suisset
760 2994 887 3055 miseria
904 3015 962 3055 nec
983 3015 1090 3055 neces·

122 3100 210 3161 sitas.

116 3350 120 3355 ·
191 3314 300 3379 Alta
323 3316 392 3379 eut
413 3314 564 3396 opinio
586 3334 687 3395 quam
710 3324 814 3376 teneo
840 3314 873 3377 Si
898 3313 998 3375 homo
1023 3335 1089 3377 non

125 3430 293 3503 peccasset
316 3419 425 3481 adhuc
450 3420 539 3483 Deus
556 3420 739 3482 iucarnatus
756 3419 875 3485 suisset.
895 3422 953 3481 Est
978 3431 1088 3483 tamen

121 3528 297 3590 sciendum
321 3527 412 3607 quod
436 3526 477 3588 de
500 3528 724 3589 Incarnatione
740 3549 913 3608 possumus
930 3528 1018 3609 loqui
1032 3527 1091 3588 du·

121 3635 262 3717 pliciter,
287 3634 337 3696 vel
362 3642 522 3715 quantum
545 3635 587 3697 ad
621 3633 837 3697 substantiam
862 3635 1090 3697 incarnationIs
