2600 4200
237 245 297 305 128
478 243 552 305 Lm.
578 244 623 305 111
648 242 943 307 Sauraninanuu

210 447 328 512 Christi
353 447 412 509 fuit
436 448 638 529 generabile3
663 467 742 530 ergo
759 447 976 528 corruptibile.
1000 447 1172 521 Proetrrm,

209 574 308 616 omne
330 554 550 636 compositum
573 575 617 616 ex
640 554 807 617 contrariis
837 564 886 616 est
910 552 1118 635 corruptibile
1133 575 1174 616 ex

209 657 433 742 8.Metapl1.;
462 661 518 724 sed
552 681 672 744 corpus
696 660 815 725 Christi
850 671 919 723 erat
953 661 1174 743 compositum

209 787 253 828 ex
276 767 464 846 contrariis;
487 788 577 850 ergo,

276 873 338 936 Ao
379 887 612 938 avionnriau
655 886 770 952 ouus
814 886 1060 952 Quasnoms,
1098 872 1176 956 quia

211 1001 299 1044 mors
314 989 363 1043 est
378 981 513 1062 quidam
533 980 678 1044 defectus
702 990 836 1055 naturae,
855 980 928 1043 ideo
943 990 993 1043 est
1007 981 1174 1043 sciendum

209 1088 299 1170 quod
324 1087 424 1149 Filius
455 1087 517 1149 Dei
541 1087 586 1150 sie
620 1090 795 1169 assumpsit
831 1096 975 1152 nostram
1012 1098 1173 1161 naturam,

209 1194 298 1276 quod
322 1194 495 1275 assumpsit
518 1215 592 1256 eam
616 1214 692 1257 curn
724 1194 968 1275 poenalitatibus
991 1204 1024 1256 et
1045 1192 1176 1256 defecti-

209 1301 271 1362 bus
294 1320 378 1381 quos
402 1301 529 1378 decuit;
553 1321 630 1362 nam
646 1301 745 1382 aliqui
769 1311 844 1363 sunt
857 1299 1001 1364 desectus
1018 1301 1049 1362 in
1066 1310 1176 1364 nostra

210 1415 325 1469 natura
348 1407 404 1487 qui
428 1407 624 1488 proveniunt
647 1427 689 1469 ex
711 1407 816 1487 culpa,
829 1417 862 1470 et
878 1416 954 1469 sunt
976 1407 1024 1470 ad
1043 1407 1173 1487 culpam

209 1513 293 1575 sicut
315 1513 461 1593 pronitas
483 1514 525 1575 ad
553 1514 677 1576 malum
701 1523 734 1576 et
768 1511 939 1576 difficultas
962 1514 1005 1575 ad
1039 1513 1176 1588 bonum,

208 1630 241 1681 et
276 1619 463 1700 hujusmodi
502 1618 646 1683 defectus
681 1619 765 1682 filius
801 1619 862 1682 Dei
899 1641 964 1682 non
1000 1621 1176 1702 assumpsit

208 1725 285 1807 quia
308 1746 374 1788 non
397 1725 515 1790 decuit.
540 1725 608 1789 Alii
632 1747 710 1789 vero
732 1736 808 1789 sunt
839 1726 984 1790 defectus
1007 1727 1062 1809 qui
1097 1747 1175 1808 pro-

210 1831 345 1894 veniunt
368 1853 409 1895 ex
431 1833 527 1913 culpa
555 1853 620 1895 non
657 1843 767 1896 tamen
802 1834 948 1896 suntad
978 1833 1117 1915 culpam,
1140 1844 1177 1896 et

210 1939 260 2000 isti
284 1939 539 2021 distinguuntur,
552 1939 629 2021 quia
644 1940 779 2021 quidam
796 1949 871 2002 sunt
881 1941 1076 2020 personulm,
1093 1949 1175 2021 puta

210 2047 308 2128 lepra,
333 2046 462 2110 caecitas
484 2054 517 2109 et
540 2046 732 2109 claudicatio
756 2055 788 2109 et
817 2045 1015 2128 hujusmodi,
1039 2055 1072 2109 et
1095 2046 1175 2110 istos

212 2152 310 2215 etiam
335 2174 400 2216 non
424 2154 620 2235 assumpsit;
645 2154 780 2235 quidam
797 2174 875 2216 vero
898 2164 974 2216 sunt
997 2154 1175 2239 naturales,

208 2268 245 2321 ut
269 2258 371 2322 sames
393 2270 426 2321 et
450 2259 516 2322 sitis
532 2268 564 2323 et
580 2260 647 2322 istis
664 2260 792 2335 similes,
809 2270 841 2323 et
859 2260 917 2323 hos
930 2260 1114 2342 assumpsit.
1128 2296 1174 2307 -—

208 2366 277 2429 His
285 2366 469 2447 premissis
491 2366 522 2429 in
540 2367 680 2448 generali
693 2375 854 2448 quantum
867 2368 908 2430 ad
922 2365 1066 2429 defectus
1087 2388 1172 2449 quos

206 2473 391 2555 assumpsit,
416 2482 545 2555 oportet
568 2474 678 2536 videre
701 2473 733 2535 in
757 2474 886 2555 speciali
910 2474 961 2536 vel
986 2473 1168 2555 particulari

208 2578 233 2641 si
256 2580 432 2661 assumpsit
456 2579 543 2642 hunc
567 2578 732 2642 defectum
756 2580 811 2662 qui
836 2590 884 2642 est
908 2580 1079 2643 necessitas
1103 2600 1172 2643 mo-

206 2686 317 2747 riendi.
342 2686 387 2747 Et
413 2695 488 2748 sunt
523 2686 575 2749 hic
602 2687 669 2749 duo
694 2686 835 2749 Articuli
869 2686 1051 2749 secundum
1087 2687 1168 2748 duas

208 2792 388 2874 opiniones.

281 3006 377 3073 Una
402 3006 657 3073 r‘ndr'atr'rrete
681 3006 889 3088 dicitquod
914 3005 945 3067 in
971 3004 1098 3070 Christo
1110 3002 1174 3067 fuit

207 3112 379 3175 necessitas
403 3113 559 3174 moriendi
583 3113 627 3175 ita
650 3114 740 3195 quod
756 3113 782 3174 si
805 3133 870 3175 non
894 3110 1005 3175 fuisset
1021 3112 1048 3175 ei
1064 3112 1178 3191 aliqua

208 3240 307 3300 poena
324 3219 372 3280 vel
397 3219 504 3301 passio
525 3219 620 3294 illata,
639 3217 750 3282 fuisset
772 3228 883 3281 tamen
908 3226 1056 3281 mortuus
1072 3217 1175 3293 seni0,

206 3325 297 3407 quod

273 3430 441 3495 Probatur
464 3432 525 3494 sic:
551 3431 688 3494 Materia
711 3441 759 3497 est
782 3452 847 3514 qua
864 3452 913 3495 res
929 3440 1035 3513 potest
1057 3449 1121 3492 esse
1137 3439 1178 3493 et

209 3559 274 3600 non
299 3559 367 3601 esse
390 3560 431 3600 ex
457 3555 486 3618 7.
511 3539 658 3620 ilretaplr.
684 3540 728 3601 ita
750 3540 841 3621 quod
867 3538 1000 3601 materia
1033 3537 1179 3599 existens

206 3647 267 3708 sub
292 3646 474 3727 privatione
500 3655 549 3708 est
570 3646 766 3729 principium
790 3645 1016 3730 corruptionis,
1029 3642 1100 3726 quia
1122 3642 1192 3703 al-·
