2600 4200
215 195 278 268 328
442 189 517 250 Lrn.
544 188 595 250 IV
620 187 928 250 Seurnmnnnu

185 369 397 449 oppositum,
422 367 611 448 quiaillud
642 387 711 428 non
746 367 858 428 habet.
884 403 926 410 —
951 367 1018 426 Sed
1047 373 1156 426 contra

190 475 277 534 istud
296 476 452 544 instatur,
477 475 536 554 qui
561 493 693 534 vovens
717 484 799 535 voto
822 475 960 552 privato
991 473 1050 533 dat
1084 492 1157 534 cor·

186 601 254 661 pus
279 599 377 642 suum
403 580 478 642 Deo
502 590 668 660 quantum
684 580 728 642 ad
745 590 857 640 actum
875 580 1041 650 vovendi3
1066 598 1153 660 ergo

186 707 257 748 non
282 697 399 768 posset
423 707 547 768 corpus
571 706 671 749 suum
696 697 817 766 postea
839 686 920 747 dare
944 686 1085 768 conjugi
1111 687 1155 747 ad

189 803 303 855 actum
328 796 535 874 oppositum,
560 813 627 854 non
653 794 744 854 enim
768 794 883 854 minus
909 790 1074 854 transfert
1097 792 1155 853 ali·

184 901 268 980 quis
291 919 311 961 a
334 919 371 961 se
395 900 487 980 quod
511 900 707 961 immediate
730 899 788 960 dat
812 898 888 959 Deo
920 918 1023 980 quam
1058 901 1154 980 quod

184 1007 249 1068 dat
272 1007 418 1068 mediate
442 1006 571 1067 homini
596 1007 734 1067 vicario.

278 1113 350 1173 Ideo
373 1113 468 1172 datur
490 1115 555 1172 alia
580 1115 669 1178 ratio,
698 1115 780 1192 quia
802 1131 935 1173 vovens
952 1112 1155 1174 solemniter

186 1220 296 1280 mittit
319 1221 354 1280 in
378 1221 631 1298 possessionem
660 1219 753 1280 iilam
788 1238 969 1299 personam
1004 1221 1060 1280 cui
1095 1239 1155 1279 vn

188 1335 259 1396 vet,
295 1345 426 1387 vovens
461 1334 573 1387 autem
608 1326 743 1405 private
777 1345 845 1386 non
881 1324 963 1387 lacit
996 1327 1058 1395 sic,
1091 1326 1154 1386 sed

184 1434 289 1512 quasi
313 1433 489 1512 promittit.
516 1468 557 1477 -
582 1432 647 1492 Sed
668 1451 721 1491 nec
737 1433 820 1491 illud
831 1434 921 1499 valet,
938 1434 1020 1513 quia
1036 1433 1155 1492 omnia

189 1539 375 1600 intrinseca
397 1547 479 1598 voto
503 1538 691 1619 respiciunt
717 1547 831 1598 actum
865 1538 1055 1600 voluntatis
1091 1557 1155 1618 per

184 1665 292 1725 quem
316 1645 448 1725 obligat
471 1663 508 1704 se
532 1645 700 1714 vovend0‚
725 1653 760 1705 et
783 1642 1019 1705 transferendo
1047 1645 1155 1706 domi·

187 1752 285 1812 nium
309 1770 408 1813 suum
432 1751 466 1811 in
492 1749 635 1811 alterum
671 1759 752 1811 sunt
775 1751 923 1831 aequalia
945 1751 1025 1812 hinc
1049 1752 1152 1821 inde:

183 1877 274 1938 ergo
298 1877 365 1918 non
390 1857 502 1937 magis
526 1864 579 1917 est
602 1856 695 1918 datio
719 1857 774 1918 hic
798 1876 901 1937 quam
925 1858 983 1927 ibi,
997 1877 1059 1919 nec
1077 1877 1154 1938 pro-

189 1964 308 2024 missio
332 1972 385 2024 est
408 1963 462 2024 hic
486 1962 607 2024 melior
628 1981 732 2042 quam
757 1964 814 2024 ibi.
844 1963 1069 2041 Consequentia
1096 1985 1155 2046 pa-

187 2077 258 2141 tet;
283 2070 461 2129 antecedens
485 2068 685 2139 declaratur,
710 2071 793 2151 quia
814 2089 876 2150 per
900 2069 1008 2132 solam
1033 2071 1155 2133 volun-

185 2185 294 2238 tatem
319 2186 371 2237 est
395 2176 563 2245 dominus,
588 2186 622 2237 et
646 2175 809 2239 transfert
832 2176 1030 2237 dominium.

278 2283 350 2343 Ideo
373 2288 487 2360 quarta
511 2284 591 2342 ratio
615 2284 822 2363 assignatur,
848 2284 930 2362 quia
959 2292 1152 2364 transgres-

185 2391 242 2473 sio
266 2389 336 2450 voti
362 2388 524 2449 solemnis
548 2399 601 2450 est
625 2388 836 2457 scandalosa,
861 2398 897 2450 et
920 2389 996 2450 ideo
1028 2389 1072 2451 ad
1094 2390 1153 2451 ol}

184 2496 397 2555 servantiam
432 2495 505 2575 ejus
540 2505 675 2555 tenetur
708 2514 776 2556 non
812 2504 945 2557 tantum
980 2496 1057 2564 sibi.
1090 2497 1153 2558 sed

188 2602 293 2662 etiam
317 2602 378 2662 toti
403 2600 569 2662 Ecclesiae
583 2622 589 2672 ;
615 2603 847 2682 transgressio
862 2609 975 2663 autem
992 2603 1066 2662 voti
1082 2604 1152 2682 pri-

190 2708 262 2767 vati
285 2727 354 2767 non
378 2707 427 2767 sic
462 2717 514 2767 est
549 2707 758 2769 scandalosa.
784 2744 826 2752 —
851 2708 918 2769 Sed
936 2708 990 2768 hoc
1014 2729 1076 2769 nen
1099 2730 1152 2769 va-

188 2816 239 2881 let,
268 2813 435 2893 quiahoc
459 2834 527 2879 non
551 2813 629 2894 plus
653 2814 826 2876 concludit
856 2816 923 2876 nisi
957 2816 1050 2895 quod
1084 2815 1150 2876 hoc

189 2922 237 2981 sit
260 2921 401 3000 gravius
425 2929 601 3001 peccatum
626 2922 910 3003 transgrediendo
945 2932 1064 2983 votum
1100 2941 1152 2983 so·

190 3026 302 3087 lemne
325 3045 427 3106 quam
452 3027 609 3106 simplex.
636 3024 706 3089 Sed
729 3028 771 3089 de
794 3028 858 3088 hoc
882 3047 949 3088 non
967 3030 1149 3108 quaeritur;

190 3134 374 3194 nonenim
398 3152 532 3212 semper
555 3145 732 3213 peccatum
757 3135 900 3215 gravius
926 3134 1016 3195 tollit
1039 3145 1153 3215 potes·

186 3247 294 3301 tatem
318 3240 362 3301 ad
385 3237 662 3301 contrahendum.
689 3239 870 3310 Praeterea,
896 3240 1015 3303 Extra.
1041 3242 1152 3301 Dere-

180 3348 276 3423 ¹pulis
301 3348 400 3423 jure,
436 3346 554 3407 utilius
588 3345 786 3407 scandalum
827 3349 920 3407 nasci
941 3348 1152 3427 permittitur

185 3470 294 3531 quam
319 3453 446 3513 veritas
469 3451 690 3531 relinquatur.

282 3554 339 3619 Sic
363 3576 446 3637 ergo
473 3576 540 3617 non
577 3558 713 3618 videtur
746 3557 813 3619 alia
847 3559 943 3628 rati0,
969 3559 1034 3619 nisi
1070 3560 1152 3639 quia

186 3658 348 3722 Ecclesia
370 3662 603 3742 illegitimavit
627 3664 676 3723 sic
699 3672 894 3733 voventem,
918 3673 954 3725 et
987 3665 1051 3725 hoc
1084 3663 1152 3725 fuit

819 3782 833 3815 ὃ
