2600 4200
320 226 509 292 Drsrmcr.
528 226 640 291 XXII
666 226 817 310 Qunsr.
835 229 870 293 ΙΙ
1001 252 1062 312 ²49

126 409 186 469 sed
209 405 249 470 fit
273 408 316 469 ad
339 429 378 471 os
401 411 563 471 exterius,
601 410 745 490 Propter
769 430 936 491 organum
970 420 1086 491 poten-

125 518 185 577 tiae
204 519 398 594 generatim
419 515 459 578 fit
482 519 599 579 unctio
622 519 666 579 ad
688 519 837 587 lumbos;
867 528 1005 599 propter
1036 540 1086 579 or·

126 642 255 704 ganum
279 626 442 703 potentiae
467 627 588 685 motivo
599 625 655 685 vel
671 624 957 707 progressivaeht
970 628 1084 687 unctio

126 731 160 792 in
185 731 339 812 pedibus.
366 768 406 775 —
436 730 565 811 Quinto
600 734 768 813 sequitur:
804 754 873 793 cum
907 736 989 801 oleo:
1024 753 1085 795 nec

126 846 261 918 oportet
284 839 330 899 ibi
355 838 485 919 aliquid
508 859 584 901 esse
607 838 798 901 confectum
823 858 867 901 ex
880 840 954 902 oleo
971 850 1005 901 et
1018 840 1085 901 bal-

126 964 222 1006 samo
245 947 334 1007 sicut
358 947 391 1006 in
416 948 558 1007 materia
588 946 865 1015 confirmationis,
899 949 979 1027 quia
1009 966 1086 1008 con-

126 1049 271 1113 firmatio
295 1062 349 1114 est
372 1052 415 1113 ad
438 1052 686 1115 confessionem
711 1052 801 1123 fidei.
825 1064 859 1115 ot
884 1055 959 1115 idon
976 1055 1085 1135 requi-

125 1160 213 1221 ritur
235 1160 270 1221 in
294 1158 493 1223 confirmato
517 1181 584 1223 non
608 1171 742 1222 tantum
767 1163 898 1241 puritas
915 1162 1086 1224 conscien·
1118 1171 1121 1179 '

125 1267 184 1328 tiae
208 1268 346 1348 signata
369 1287 431 1347 per
453 1268 575 1337 oleum,
600 1269 661 1330 sed
684 1270 786 1329 etiam
811 1269 894 1331 odor
916 1271 1015 1331 bonae
1040 1268 1086 1331 ia·

125 1393 192 1436 mae
217 1375 375 1456 signatus
398 1394 461 1454 per
482 1375 682 1436 balsamum.
710 1414 749 1419 -—
777 1374 884 1437 Sexto
913 1377 1082 1449 subditur;

124 1489 298 1542 consecrato
320 1482 359 1541 ab
382 1482 541 1561 Episcopo,
569 1485 650 1562 quia
675 1482 731 1543 ille
755 1492 807 1545 est
831 1492 926 1545 actus
958 1486 1086 1564 cpisco-

125 1588 227 1668 palis;
252 1588 398 1651 sienim
422 1588 511 1649 alius
534 1600 749 1651 consecraret
773 1591 857 1652 nihil
889 1589 1023 1653 faceret.
1042 1629 1083 1637 -

126 1693 281 1776 Septimo
305 1696 476 1757 subditur:
501 1698 680 1755 ministrata
703 1718 723 1756 a
746 1699 907 1763 sacerdote,
924 1746 929 1755 .
944 1700 1025 1777 quia
1055 1700 1083 1759 si

126 1802 213 1865 alius
237 1812 419 1865 attentaret
442 1803 527 1864 nihil
544 1801 678 1871 iaceret,
692 1805 781 1864 sicut
797 1806 823 1865 si
843 1824 910 1865 non
927 1806 1084 1867 sacerdos

126 1918 307 1972 attentaret
331 1909 506 1979 conficere,
543 1909 627 1971 nihil
662 1908 753 1971 iacit.
789 1911 892 1973 Unde
928 1920 1084 1973 notanter

126 2017 208 2078 dicit
231 2016 356 2098 Apost.
380 2016 542 2096 Jacobus:
567 2016 732 2078 inducant
755 2018 985 2099 presbyteros,
1020 2028 1083 2080 etc.

126 2163 168 2170 -
192 2125 325 2187 Ultimo
350 2128 518 2206 sequitur:
544 2125 636 2186 verbo
660 2133 742 2185 ceria
766 2147 834 2184 cnm
860 2128 1085 2186 inioniionede-

125 2233 188 2292 bita
205 2231 405 2310 proferente,⁸
428 2241 462 2294 et
486 2233 551 2293 hoc
574 2233 722 2311 pertinet
746 2233 788 2293 ad
813 2231 954 2294 formam
983 2233 1084 2314 hujus

125 2341 338 2408 sacramenti,
363 2340 460 2418 cujus
483 2337 593 2400 forma
616 2337 825 2418 septiformis
848 2351 901 2401 est
935 2341 977 2401 ad
1012 2360 1085 2420 sep

125 2455 194 2507 tem
218 2448 396 2507 unctiones
420 2444 626 2526 principales
650 2447 715 2506 sub
739 2447 814 2508 istis
850 2449 979 2509 vorbis:
1021 2448 1086 2506 Por

126 2555 217 2612 islam
240 2559 379 2612 sanciam
403 2551 576 2612 tinctionem
600 2558 630 2611 el
650 2573 740 2612 suam
761 2555 939 2630 piissimam
965 2557 1085 2612 mimi·

124 2659 272 2726 cordzom,
295 2665 410 2736 parcat
431 2659 488 2718 tibi
520 2659 609 2718 Deus
640 2660 796 2736 qm'dquid
822 2663 979 2720 oriciorum
1010 2663 1084 2719 ru'iro

124 2765 302 2843 deliquisti·
324 2774 358 2826 et
381 2767 431 2827 sic
454 2766 496 2826 de
520 2765 605 2827 aliis.

214 2977 276 3038 ΑΙ)
298 2991 572 3040 ARGUMENTUM
597 2981 629 3039 in
661 2983 853 3039 conlrorium
890 2980 965 3040 dico
1001 2978 1084 3040 illud

125 3093 374 3146 sacramentum
399 3082 505 3146 fuisse
530 3087 724 3147 institutum
750 3107 769 3146 a
793 3085 939 3153 Christo,
969 3095 1006 3146 ut
1037 3087 1085 3146 vi-

125 3209 200 3252 sum
225 3200 278 3252 est
302 3210 414 3271 supra.
437 3191 585 3271 Jacobus
609 3203 722 3252 autern
755 3212 821 3253 non
854 3201 925 3253 crat
953 3193 1085 3254 institu-

124 3307 179 3359 tor
209 3298 270 3359 sed
303 3299 539 3380 promulgator
573 3299 674 3380 hujus
710 3299 920 3361 Sacrarnenti
956 3319 976 3358 a
1010 3299 1084 3360 Dco

125 3405 283 3466 instituti.
