2600 4200
326 260 514 323 D1sr1ucr.
540 260 670 323 XXIV
689 260 839 341 Quasi.
859 262 893 323 II
994 266 1083 357 '¹257

145 448 285 518 sumpta
308 441 397 501 idern
422 449 474 501 est
497 441 590 520 quod
618 440 799 520 depositio
824 443 983 520 quamvis
1006 443 1109 521 parti·

146 546 272 635 'cularis
296 547 497 628 degradatio
521 549 631 627 possit
647 566 723 608 esse
739 548 897 626 quaedam
915 567 1019 628 poena
1034 567 1109 627 par·

145 655 299 716 ticularis
323 663 479 733 respectu
504 651 740 734 depositionis.
767 654 909 731 Infamia
921 665 974 716 est
998 664 1108 717 status

145 761 242 822 laesae
266 760 446 842 dignitatis
470 772 635 841 quantum
661 763 703 824 ad
726 762 833 822 vitam
860 770 894 822 et
918 762 960 822 ad
984 746 1107 833 mores,

146 868 236 929 sicut
258 865 351 929 lama
373 878 425 929 est
449 868 573 929 illaesio
597 878 762 947 quantum
788 869 961 929 advitam
996 876 1030 928 et
1065 869 1108 930 ad

144 969 268 1036 mores.
284 974 511 1051 Irregalaritas
523 983 576 1035 est
587 974 786 1036 inhabilitas
799 975 842 1035 ad
854 976 1106 1055 susceptionem

143 1088 179 1142 et
202 1083 439 1142 executionem
465 1081 632 1142 ordinum.
658 1080 950 1141 Excommam'catio
974 1089 1028 1141 est
1050 1093 1108 1142 ex‘·

144 1179 255 1249 clusio
278 1166 423 1267 alicujus
446 1208 466 1247 a
496 1188 737 1248 communione
770 1186 921 1249 fidelium
957 1189 1107 1249 maxime

144 1296 180 1355 in
204 1292 445 1356 Sacramentis.
470 1296 673 1354 Interdictum
698 1304 750 1355 est
762 1295 904 1355 arctatio
928 1315 949 1355 a
971 1296 1108 1375 quibus-

144 1401 223 1461 dam
247 1400 381 1462 actibus
405 1400 646 1461 ecclesiasticis
663 1402 864 1463 exercendis
876 1401 931 1462 vel
949 1401 991 1461 ab
1008 1402 1108 1461 assis·

143 1508 249 1569 tendo
272 1491 400 1568 titibus
423 1507 565 1568 actibus.
591 1507 762 1586 Suspenszo
786 1518 839 1567 est
854 1508 1040 1587 prohibitio
1064 1508 1107 1569 ab

144 1610 261 1693 aliquo
285 1623 362 1675 actu
387 1614 472 1674 alias
496 1615 732 1683 conveniente,
746 1622 780 1673 et
803 1614 868 1675 hoc
892 1614 935 1674 ad
959 1622 1104 1694 tempus;

143 1729 180 1781 et
201 1716 277 1781 haec
300 1730 353 1781 est
376 1719 570 1800 multiplex,
595 1721 677 1798 quia
700 1721 858 1799 quaedam
890 1731 944 1781 est
967 1738 1107 1800 suspen·

144 1828 196 1888 sio
220 1828 263 1886 ab
286 1827 395 1905 officio,
424 1827 582 1906 quaedam
615 1846 636 1885 a
674 1826 829 1906 benefida,
869 1827 1027 1907 quaedam
1064 1826 1106 1889 ab

143 1935 289 2011 ingressu
313 1933 468 1994 Ecclesia.

232 2147 298 2210 De
320 2145 443 2209 tertio
459 2143 665 2222 Atticille,
682 2147 812 2207 scilicet
827 2146 975 2227 qualiter
990 2165 1105 2226 poenae

142 2254 317 2314 canonicae
342 2250 568 2333 infliguntur:
594 2254 661 2312 dico
695 2253 787 2332 quod
810 2254 956 2330 depositio
991 2263 1025 2314 et
1058 2253 1107 2312 de·

137 2361 287 2437 gradatio
310 2369 464 2420 removet
499 2359 672 2420 hominem
708 2379 727 2419 a
762 2368 853 2420 statu
888 2359 1035 2422 clericali
1071 2371 1105 2420 et

141 2465 247 2526 tradit
285 2485 362 2527 eum
398 2467 503 2526 curiae
538 2466 716 2526 saeculari:
753 2467 819 2526 ista
853 2476 965 2528 autem
1001 2485 1106 2546 poena

141 2573 286 2651 praecise
310 2569 499 2652 infligenda
521 2582 574 2633 est
598 2592 618 2632 a
636 2571 772 2651 judice;
797 2570 907 2658 forma
931 2582 1044 2634 autem
1056 2591 1106 2633 se-

140 2678 291 2739 cundum
316 2697 418 2758 quam
444 2676 633 2759 infligenda
663 2689 716 2740 est
750 2667 895 2740 habetur
928 2679 963 2740 in
988 2685 1016 2739 ό.
1042 2679 1106 2739 De-

140 2790 214 2845 cret.
238 2785 356 2846 Extra.
382 2786 419 2844 de
435 2788 547 2861 ponz's.
575 2806 599 2845 c.
624 2787 814 2864 degradatio.
844 2784 965 2847 Causae
991 2795 1104 2848 autem

140 2899 283 2971 propter
305 2911 391 2971 quas
416 2889 605 2972 infligenda
620 2902 673 2952 est
690 2901 770 2953 sunt
786 2902 926 2972 peccata
941 2894 1103 2964 enormia,

101 2978 109 2988 “
141 3007 180 3059 ut
203 3009 288 3078 puta
308 2997 463 3067 haeresis
489 2999 648 3066 schisma,
674 2999 839 3060 revelatio
866 2997 1102 3060 confessionis

140 3104 295 3165 Primum
329 3113 424 3184 patet
458 3106 575 3165 Extra.
610 3106 647 3164 de
671 3105 790 3166 Haeret.
827 3107 882 3165 Ad
912 3107 1102 3166 abolendam.

141 3208 349 3280 Secundum,
375 3213 493 3270 Extra.
519 3213 556 3270 de
575 3213 788 3271 schismaticis.
807 3213 862 3271 Ad
874 3213 1102 3274 abscindendos

140 3317 307 3387 Tertium,
333 3320 450 3378 Extra.
475 3320 513 3377 de
529 3321 637 3395 potnit.
663 3325 693 3378 et
719 3322 823 3378 remis.
855 3319 965 3378 Omnis
989 3322 1103 3378 utm'as-

139 3445 200 3502 que
222 3444 328 3484 sexus.

230 3531 326 3590 Poena
351 3541 464 3592 autem
495 3530 639 3606 iasamioe
666 3531 850 3592 incurritur
885 3533 1101 3610 impositione

141 3639 296 3698 criminis
320 3636 525 3698 infamatorii
552 3644 580 3697 ό.
605 3659 633 3715 q.
647 3657 674 3697 1.
692 3659 716 3698 c.
738 3639 805 3712 Qui
818 3645 899 3697 suat.
918 3636 989 3698 Ista
1005 3638 1100 3698 laesio
