2600 4200
240 159 305 216 390
467 138 542 200 Lrn.
568 138 619 199 IV
644 136 955 200 Sauraurnuun

210 327 307 378 esset
330 335 369 378 ac
393 319 422 378 si
446 317 635 378 diceretur:
671 325 785 378 manet
819 315 917 396 lapis,
956 327 992 376 et
1031 336 1103 376 non
1140 331 1187 376 est

215 425 332 485 durus.
358 460 398 468 —
424 424 593 490 Proelerea,
621 443 746 504 corpus
770 422 918 484 hominis
944 441 1015 483 non
1051 435 1109 483 est
1141 441 1188 482 ca·

214 549 286 610 pax
308 529 469 599 levitatis
494 531 576 610 quia
591 528 728 609 quando
744 529 873 609 aliquid
890 528 1107 590 determinat
1124 529 1186 589 sibi

214 654 321 697 unum
344 637 592 716 oppositorum,
609 645 690 697 tunc
703 636 847 696 alterum
860 636 1106 714 oppositorum
1121 655 1185 695 non

213 751 329 822 potest
342 744 406 803 sibi
420 744 532 804 inesse
545 761 606 803 nec
618 761 681 822 per
697 761 733 802 se
750 761 811 802 nec
827 760 888 820 per
904 740 1085 812 accidens;
1101 761 1185 822 ergo

213 848 402 911 humanum
419 868 543 929 corpus
559 868 627 910 non
644 859 697 910 est
713 867 824 928 capax
839 847 941 927 hujus
957 849 1145 926 qualitatis
1157 851 1183 908 si
1278 917 1279 932 χ

212 954 313 1016 tollat
325 957 545 1036 gravitatem
571 975 639 1016 non
656 974 741 1036 ergo
757 955 911 1034 capietur
927 955 961 1015 in
978 973 1139 1034 corpore,
1152 965 1185 1015 et

213 1080 275 1140 per
287 1081 500 1142 consequens
512 1081 573 1142 per
585 1063 685 1122 istam
699 1081 767 1126 non
778 1060 836 1122 fiet
848 1062 962 1142 magis
973 1061 1078 1142 agile.
1093 1061 1184 1122 Dico
1278 1049 1279 1082 r

209 1186 299 1248 ergo
311 1168 403 1248 quod
426 1169 565 1250 agilitas
581 1168 668 1228 nihil
686 1167 779 1228 aliud
795 1176 847 1228 est
859 1169 925 1228 nisi
942 1169 1101 1247 potentia
1115 1187 1183 1228 mo

211 1275 287 1334 tiva
295 1275 418 1334 animae
428 1276 482 1335 cui
492 1276 582 1335 inest
593 1275 704 1354 primo
716 1282 751 1334 et
759 1292 820 1354 per
831 1293 877 1342 se,
888 1274 968 1335 licet
975 1272 1079 1333 alicui
1089 1275 1180 1353 parti

211 1382 367 1460 corporis
390 1381 472 1441 insit
495 1399 616 1461 perse
639 1381 700 1440 sed
724 1399 793 1441 non
816 1380 937 1459 primo.
970 1379 1049 1439 Non
1082 1399 1182 1458 opor·

212 1494 263 1546 tet
286 1505 370 1566 ergo
393 1487 460 1547 nisi
485 1487 576 1566 quod
600 1487 667 1548 ista
690 1487 802 1547 virtus
824 1487 955 1546 motiva
978 1486 1104 1546 animae
1134 1487 1179 1546 sit

212 1590 373 1671 perfecta,
398 1603 432 1653 et
455 1593 649 1654 resistentia
673 1593 719 1654 sit
742 1591 864 1662 ablata,
890 1594 937 1653 ita
960 1592 1051 1671 quod
1064 1595 1178 1653 omnis
1279 1615 1280 1632 ἢ

213 1698 394 1778 dispositio
432 1701 601 1760 contraria
639 1699 830 1780 impediens
868 1710 998 1759 motum
1032 1697 1175 1759 localem

212 1817 414 1865 amoveatur
436 1825 481 1866 ex
503 1816 599 1886 parte
623 1807 760 1876 mobilis
785 1817 822 1867 ut
846 1807 890 1866 sit
907 1807 1177 1886 proportionabi-

212 1911 292 1972 liter
314 1910 464 1992 perfecta
487 1913 607 1973 virtus.

302 2124 365 2185 An
388 2138 661 2186 Anouunuruu
686 2139 916 2188 rumenam
940 2126 1078 2206 quando
1096 2126 1175 2187 dici-

212 2237 270 2289 tur
292 2230 385 2309 quod
408 2242 522 2292 motus
544 2230 664 2292 localis
688 2242 778 2292 esset
802 2230 929 2293 frustra
962 2232 997 2292 in
1032 2250 1173 2311 corpore

211 2336 315 2406 beati,
340 2348 374 2396 et
397 2338 489 2416 quod
512 2348 625 2398 motus
649 2347 702 2399 est
726 2348 822 2400 actus
853 2340 942 2399 entis
973 2336 1173 2418 imperfecti.
1280 2388 1281 2409 2

210 2443 290 2503 dico
313 2443 406 2522 quod
429 2443 475 2504 ibi
507 2452 560 2504 est
590 2463 693 2505 verus
728 2456 842 2506 motus
876 2457 911 2506 et
945 2445 1172 2506 successivus,

212 2548 359 2610 Etcum
384 2550 508 2611 dicitur
531 2550 623 2629 quod
646 2560 699 2611 est
734 2561 830 2612 actus
864 2549 1064 2631 imperfecti.
1097 2551 1174 2611 dico

212 2658 305 2734 quod
329 2656 511 2736 dupliciter
533 2657 693 2717 dicuntur
705 2656 820 2737 aliqua
833 2654 1044 2737 imperiecta;
1062 2658 1173 2736 primo

209 2764 303 2822 enirn
327 2762 442 2842 aliqua
466 2763 625 2824 dicuntur
641 2760 839 2844 imperfecta
854 2763 991 2844 quando
1008 2782 1075 2824 non
1093 2775 1174 2823 sunt

211 2870 351 2948 capacia
374 2868 517 2949 alicujus
541 2868 775 2950 perfectionis;
808 2880 842 2931 et
865 2871 980 2950 aliqua
1003 2879 1084 2931 sunt
1116 2872 1174 2929 im-

211 2974 363 3057 perfecta
386 2996 462 3055 quae
486 2986 566 3037 sunt
589 2979 726 3055 capacia
760 2976 988 3058 perfectionis.
1025 2976 1097 3037 Ista
1127 2977 1174 3037 di-

211 3092 336 3143 cuntur
359 3081 557 3162 imperfecta
580 3084 761 3163 privative,
797 3084 858 3145 sed
880 3085 992 3163 prima
1014 3083 1174 3143 dicuntur

211 3188 412 3269 imperfecta
435 3190 606 3269 negative.
631 3189 734 3251 Unde
758 3191 914 3252 accidens
938 3190 1095 3251 ultimum
1120 3199 1172 3250 est

211 3293 448 3375 imperfectum
473 3297 644 3376 negative,
671 3297 731 3357 sed
754 3298 970 3377 conjunctum
995 3314 1071 3357 cum
1103 3295 1171 3356 alio

210 3411 265 3462 est
288 3401 486 3482 perfectum,
511 3404 599 3464 sicut
624 3404 681 3463 ubi
707 3413 759 3463 est
790 3400 1023 3483 imperfectum
1055 3420 1172 3463 secun-

210 3510 293 3568 dum
319 3529 364 3576 se,
390 3519 502 3569 tamen
534 3511 810 3589 approximatum
842 3510 974 3589 corpori
1009 3509 1062 3569 cui
1094 3526 1173 3568 con·
