2600 4200
273 262 463 324 D1srmcr.
488 260 638 323 XXXVI
663 257 813 343 Quasi.
837 261 851 323 l
998 274 1063 340 237

116 464 242 527 bonum
267 464 396 547 agibile,
420 475 453 527 et
479 464 552 528 haec
586 474 636 529 est
670 486 737 529 una
771 466 853 528 ratio
887 464 1031 527 formalis
1053 464 1086 529 in

115 570 257 653 objecto.

189 674 392 764 Quantum
426 678 480 747 ad
510 681 731 754 sectandum,
763 678 841 742 dicit
874 698 941 740 una
974 678 1086 761 opinio

113 787 205 867 quod
232 786 369 849 virtutes
403 796 479 849 sunt
512 807 654 850 annexae
685 806 766 849 cum
802 784 984 868 prudentia,
1008 785 1086 867 quia

114 892 217 955 virtus
240 902 291 955 est
314 892 443 956 habitus
454 894 608 957 electivus
619 893 855 957 determinatus
876 912 896 954 a
921 901 1008 955 recta
1035 912 1085 955 ra-

115 998 202 1063 tione
225 1020 270 1063 ex
302 1019 333 1063 2.
359 999 492 1077 Ethic.;
515 1002 573 1063 sed
597 1008 687 1063 recta
716 998 799 1063 ratio
833 1018 900 1061 non
934 1008 984 1061 est
1017 999 1085 1062 sine

115 1108 311 1187 prudentia;
342 1128 422 1191 ergo
445 1108 581 1171 virtutes
614 1116 691 1170 sunt
725 1125 866 1170 annexae
897 1126 975 1169 cum
1010 1126 1085 1188 pru·

114 1214 234 1277 dentia.
257 1214 367 1278 Tertio
390 1212 469 1279 dicit
493 1216 583 1297 quod
607 1213 781 1297 prudentia
796 1221 845 1275 est
860 1232 991 1275 annexa
1007 1232 1084 1275 curn

114 1322 290 1385 virtutibus
313 1323 499 1397 moralibus,
523 1322 601 1405 quia
624 1320 798 1405 prudentia
821 1329 870 1382 est
890 1328 977 1381 recta
1001 1319 1084 1382 ratio

114 1428 271 1505 confesse,
285 1429 368 1492 idest
382 1427 592 1493 conformiter
613 1448 647 1491 se
663 1427 789 1491 habens
800 1423 959 1509 appetitui
983 1433 1083 1499 tecto,

113 1554 154 1596 ex
172 1534 204 1597 6.
223 1534 355 1613 Ethic.;
378 1536 435 1599 sed
458 1534 624 1617 appetitus
647 1554 715 1597 non
731 1542 780 1595 est
803 1540 910 1595 rectus
932 1530 1001 1595 sine
1024 1530 1083 1593 vir-

114 1649 183 1704 tute
208 1642 341 1717 morali;
365 1663 455 1725 ergo,
472 1641 557 1705 Aliis
573 1640 702 1703 videtur
717 1638 808 1721 quod
832 1658 899 1701 non
922 1644 1081 1719 oporteat,

114 1748 189 1829 quia
214 1748 366 1829 possibile
396 1757 444 1811 est
478 1748 570 1830 quod
604 1745 722 1828 aliquis
754 1744 915 1807 abstineat
950 1752 1083 1825 propter

115 1855 239 1917 malum
264 1853 364 1917 finem
387 1876 430 1918 ex
454 1844 651 1919 conscientia
684 1871 829 1926 erronea,
853 1860 886 1913 et
908 1859 988 1913 tunc
1011 1851 1083 1913 talis

114 1958 245 2024 habitus
268 1962 324 2043 qui
349 1971 522 2045 generatur
544 1980 588 2024 ex
611 1960 673 2023 illis
706 1958 834 2022 actibus
857 1978 923 2019 non
948 1967 997 2020 est
1019 1956 1082 2018 vir-

114 2074 174 2142 tus,
198 2068 277 2152 quia
301 2088 367 2133 non
390 2078 438 2134 est
461 2068 638 2134 conformis
661 2075 759 2132 rectae
783 2064 909 2129 rationi.
934 2062 1000 2128 Sed
1023 2084 1082 2147 po·

114 2185 209 2238 natur
244 2177 335 2258 quod
369 2177 514 2240 dimittat
547 2196 701 2249 errorem,
736 2183 816 2236 tunc
850 2172 909 2233 iste
951 2169 1082 2232 habitus

114 2281 171 2344 erit
194 2283 308 2357 virtus,
332 2292 365 2345 et
388 2293 499 2346 tamen
526 2302 593 2345 non
628 2281 689 2344 erit
723 2279 854 2342 habitus
888 2275 1080 2358 prudentiae.

115 2387 151 2452 In
173 2398 247 2453 toto
269 2389 332 2452 isto
355 2389 508 2452 Articulo
531 2387 708 2470 accipiatur
731 2385 821 2468 quod
845 2384 920 2466 plus
943 2382 1058 2464 placet.

185 2601 413 2687 Quantum
427 2602 492 2668 ad
499 2600 680 2667 tertium
693 2595 945 2664 Articulum
950 2594 1082 2678 prin·

114 2709 306 2794 cipalem
330 2709 404 2771 dico
426 2709 517 2790 quod
541 2706 676 2769 virtutes
700 2703 838 2766 morales
861 2709 999 2784 possunt
1021 2701 1081 2763 du-

114 2814 237 2896 pliciter
261 2814 373 2897 accipi.
398 2813 477 2878 Uno
501 2814 603 2876 modo
626 2819 787 2894 quantum
811 2809 854 2870 ad
884 2828 949 2870 esse
984 2807 1081 2869 meri-

114 2921 244 2997 torium,
268 2931 301 2985 et
324 2922 370 2984 sic
393 2919 573 2984 necessario
596 2927 673 2982 sunt
696 2935 856 2979 connexae
880 2934 956 2976 cum
980 2912 1081 2975 virtu-

113 3026 198 3092 tibus
222 3027 425 3111 theologicis,
441 3027 518 3110 quia
541 3025 682 3089 charitas
705 3031 754 3085 est
770 3020 965 3104 principium
988 3027 1080 3082 actus

115 3135 285 3212 meritorii,
321 3135 461 3198 charitas
498 3142 609 3196 autem
648 3128 877 3213 praesupponit
914 3125 1014 3187 fidem
1047 3134 1081 3187 et

112 3260 214 3323 spem.
240 3241 322 3305 Alio
346 3241 448 3304 modo
475 3247 613 3323 possunt
642 3233 746 3319 accipi
770 3235 905 3297 virtutes
940 3231 1080 3294 morales

114 3359 274 3428 quantum
298 3349 342 3412 ad
375 3366 440 3410 esse
460 3345 633 3428 proprium
657 3352 692 3406 et
714 3341 937 3413 intrinsecum,
961 3337 1080 3401 scilicet

114 3453 307 3536 inquantum
330 3447 410 3516 tales
434 3453 574 3527 habitus,
598 3461 632 3514 et
655 3451 699 3514 sic
724 3469 789 3512 non
821 3454 897 3509 sunt
920 3462 1078 3506 connexae

114 3580 187 3623 cum
211 3560 414 3644 theologicis.
439 3560 485 3623 Et
508 3558 572 3622 hoc
595 3558 764 3641 probatur,
795 3553 872 3636 quia
895 3551 978 3613 sicut
1011 3568 1080 3610 esse

114 3668 259 3731 naturale
281 3677 388 3751 potest
411 3687 480 3730 esse
495 3674 529 3729 et
552 3685 685 3729 manere
707 3663 775 3727 sine
797 3680 867 3723 esse
890 3661 1080 3739 supernatu-
