2600 4200
326 238 515 304 Drsrmcs.
541 238 655 303 XXII
679 238 870 322 QuAEsr.I
1008 258 1069 320 243

225 420 341 481 Contra
364 422 427 489 hoc,
456 401 537 502 quia
559 430 641 483 ωηο
654 424 766 481 omnis
783 439 967 501 resurgens
984 440 1005 480 a
1020 440 1094 499 pec·

131 536 209 589 cato
231 528 367 589 mortali
391 537 587 609 resurgeret
621 528 656 588 in
692 530 805 610 gratia
838 527 957 606 majori
990 545 1091 606 quam

131 631 234 694 fuerit
257 634 316 695 illa
338 654 359 695 a
382 654 451 715 qua
473 634 605 703 cecidit,
624 636 706 714 quia
717 635 867 714 resurgit
883 634 917 694 in
934 634 1093 695 omnibus

133 739 201 802 illis
230 742 331 802 bonis
362 760 441 821 quae
465 742 561 821 prius
595 740 714 802 habuit
745 741 816 821 jam
841 738 1034 809 vivificatis,
1059 750 1093 802 et

131 858 257 927 praeter
280 848 344 908 hoc
368 848 403 907 in
428 850 494 908 isto
517 856 595 908 actu
619 848 833 926 poenitentiae
858 866 918 927 per
932 866 1032 926 quem
1045 866 1093 907 re·
1181 832 1184 837 Δ

132 956 245 1035 surgit
267 963 302 1014 et
325 972 426 1032 quem
451 953 649 1033 superaddit
674 952 742 1014 illis
766 954 961 1033 praeteritis,
986 962 1020 1013 et
1046 954 1093 1013 ita

133 1062 167 1121 in
191 1060 309 1139 majori
335 1060 456 1140 gratia,
482 1058 574 1139 quod
598 1060 735 1120 videtur
759 1060 1012 1129 inconveniens
1026 1065 1090 1117 tum

133 1167 214 1245 quia
229 1184 298 1226 ηοη
310 1167 422 1226 omnis
434 1166 559 1227 cadens
572 1184 706 1245 semper
723 1167 865 1246 gravius
882 1165 973 1225 eadit
989 1184 1091 1245 quam

131 1274 227 1352 prius
250 1272 427 1341 ceciderat,
452 1291 514 1333 nec
538 1291 622 1353 ergo
654 1290 849 1353 resurgens,
883 1274 1013 1353 gratior
1044 1290 1093 1332 re-

131 1387 252 1459 surget
275 1397 377 1459 quam
412 1376 569 1459 praeiuit;
606 1385 681 1445 tum,
721 1379 802 1458 quia
836 1379 946 1458 prima
980 1380 1092 1459 gratia

131 1494 245 1565 potest
268 1504 344 1546 esse
367 1486 475 1565 major
498 1494 531 1546 et
558 1486 679 1553 minor,
715 1494 749 1546 et
783 1504 844 1565 per
878 1503 1091 1564 consequens

131 1592 282 1661 minima,
306 1609 368 1671 per
390 1593 628 1671 poenitentiam
653 1601 766 1652 autem
798 1591 987 1670 acquiritur
1017 1609 1092 1671 gra·

131 1698 180 1758 tia
201 1699 325 1777 primm
351 1716 435 1779 ergo
451 1697 615 1777 possibile
630 1707 684 1758 est
700 1699 845 1779 gratiam
858 1706 1090 1777 recuperatam

130 1822 192 1883 per
214 1804 452 1884 poenitentiam
477 1823 553 1865 esse
576 1805 763 1865 minimam.
788 1840 829 1847 -
847 1804 903 1863 Ad
917 1803 1002 1863 istud
1014 1804 1090 1864 dico

131 1911 223 1991 quod
246 1910 325 1971 talis
348 1929 533 1992 resurgens
556 1910 656 1991 plura
668 1912 790 1972 merita
805 1910 907 1971 habet
925 1910 959 1971 in
977 1928 1092 1989 accep·

131 2018 259 2080 tatione
281 2018 409 2088 divina,
434 2036 537 2098 quam
568 2017 689 2079 habuit
720 2017 858 2099 quando
892 2017 1024 2087 cecidit,
1057 2026 1091 2079 et

130 2144 192 2205 per
214 2144 428 2206 consequens
451 2145 496 2186 ex
512 2145 553 2186 ea
568 2135 664 2205 parte
677 2126 853 2186 ordinatur
869 2125 911 2186 ad
929 2125 1090 2206 majorem

130 2231 286 2313 gloriam.
312 2229 382 2295 Sed
405 2251 474 2294 ηοη
497 2241 631 2312 oportet
655 2251 732 2294 eum
758 2234 791 2294 in
827 2233 947 2313 majori
979 2234 1091 2314 gratia

131 2356 319 2421 resurgere,
344 2341 426 2420 quia
449 2340 635 2401 secundum
661 2339 921 2420 dispositionem
946 2339 1020 2420 ejus
1036 2340 1091 2400 de·

130 2447 288 2507 testando
321 2455 497 2526 peceatum
529 2449 749 2507 commissum
785 2449 918 2508 intense
952 2447 1008 2508 vel
1043 2467 1091 2508 re-

130 2553 235 2613 misse
258 2554 358 2614 datur
381 2552 446 2614 sibi
470 2561 552 2614 ωηο
575 2553 683 2632 major
708 2553 762 2613 vel
787 2555 898 2614 minor
923 2555 1043 2634 gratia.

219 2659 284 2720 Sed
302 2666 409 2720 contra
432 2661 486 2720 hoc
520 2660 688 2740 objicitur,
724 2661 806 2740 quia
839 2670 920 2721 tuno
953 2661 1017 2721 iste
1047 2660 1090 2721 de

130 2765 228 2846 lapsu
253 2785 316 2826 suo
339 2766 383 2827 ad
406 2767 520 2828 minus
543 2769 578 2828 in
602 2768 836 2848 acceptatione
848 2766 966 2828 divina
983 2787 1090 2829 resur-

129 2882 190 2953 get
213 2873 249 2933 in
272 2873 421 2954 digniori
434 2875 588 2954 praemio,
603 2911 644 2917 —
660 2875 840 2951 Respondeo
855 2882 890 2934 et
906 2875 982 2936 dieo
998 2875 1089 2954 quod

130 2998 198 3041 non
222 2979 324 3041 habet
335 2981 550 3042 commodum
564 2982 624 3042 sed
636 2981 888 3042 incommodum
913 2999 1088 3062 magnum,

129 3104 198 3148 non
221 3086 333 3148 solum
357 3089 437 3169 quia
460 3089 625 3168 peccavit,
650 3087 710 3149 sed
734 3089 816 3168 quia
831 3096 940 3149 totum
954 3097 1089 3167 tempus

129 3213 198 3273 quo
221 3195 347 3256 mansit
370 3195 405 3256 in
439 3202 580 3274 peccato
614 3203 668 3256 est
702 3195 766 3255 sibi
803 3195 984 3274 perditum,
1020 3215 1088 3274 quo

128 3307 281 3380 tempore
304 3303 474 3381 potuisset
496 3301 743 3382 multiplicasse
755 3304 884 3372 merita,
903 3303 931 3362 si
949 3303 1090 3363 mansis-

129 3415 182 3468 set
204 3408 239 3468 in
264 3410 385 3489 gratia.

216 3575 280 3640 De
304 3577 426 3640 tertio
442 3576 635 3643 Artooolo
653 3577 772 3641 dicunt
787 3578 892 3659 aliqui
910 3579 1002 3659 quod
1014 3599 1089 3659 pec·

127 3691 205 3746 cata
227 3683 270 3745 de
292 3680 383 3747 facto
407 3683 609 3766 simpliciter
632 3685 777 3749 redeunt
793 3685 920 3758 eadem,
938 3687 1088 3749 maxime
