2600 4200
242 231 305 289 344
468 210 542 271 Lm.
569 209 621 271 IV
646 208 953 272 Seursurmuun

217 391 306 452 situs
329 389 371 450 de
395 389 588 468 privatione
610 390 655 450 ad
677 385 842 458 formam;
866 407 952 469 ergo
976 390 1192 450 resurrectio

210 505 270 558 est
304 515 386 556 vera
419 497 573 557 mutatio
615 532 656 539 -
696 495 811 556 Contra
845 496 1015 554 seeundum
1052 496 1187 558 dietum.

217 604 330 664 visum
355 600 419 663 fuit
444 601 516 662 Lib.
545 621 584 672 2..
610 601 742 662 scilicet
765 603 793 662 si
819 620 927 682 agens
944 600 1104 663 naturale
1130 621 1192 681 po

212 717 286 770 test
310 710 479 789 attingere
503 709 687 769 essentiam
711 709 865 770 materiae
889 709 1026 769 nudam.

306 816 384 875 Alia
406 817 512 891 opinio
535 833 637 894 quam
663 822 763 876 teneo
794 814 943 875 declarat
973 813 1191 894 possibilita-

216 931 286 983 tem
311 922 571 982 resurrectionis
594 923 664 982 sic:
690 919 727 983 Si
753 939 823 983 non
835 928 928 982 esset
939 919 1119 1000 possibilis
1138 939 1190 981 re·

212 1029 392 1096 surrectio,
418 1027 474 1088 vel
497 1027 562 1089 hoc
586 1038 678 1088 esset
701 1047 746 1090 ex
770 1036 869 1107 parte
893 1027 1030 1108 agentis
1052 1026 1113 1086 vel
1138 1047 1187 1088 ex

217 1145 314 1215 parte
337 1129 498 1205 effectus;
524 1134 585 1196 sed
608 1135 673 1195 hoc
690 1152 768 1203 non,
786 1135 868 1213 quia
884 1135 969 1193 nihil
980 1134 1187 1212 praecedens

212 1237 424 1302 creationem
448 1251 483 1301 et
506 1243 591 1300 nihil
611 1260 759 1320 sequens
793 1240 1076 1302 annihilationem
1100 1252 1187 1302 sunt

217 1348 369 1427 ejusdem
395 1347 552 1418 rationis;
579 1347 640 1409 sed
664 1346 760 1409 Deus
782 1355 898 1428 potest
920 1347 1050 1426 aliquid
1065 1347 1110 1408 de
1134 1349 1186 1408 ni-

216 1454 288 1516 hilo
312 1473 448 1525 creare;
473 1472 557 1534 ergo
581 1462 696 1532 potest
726 1454 857 1534 aliquid
886 1453 1015 1514 dudum
1044 1473 1186 1534 corrup-

212 1569 290 1621 tum
315 1570 349 1622 et
375 1562 410 1622 in
446 1559 591 1620 nihilum
626 1560 811 1629 redactum,
836 1561 1056 1639 postmodum
1088 1579 1185 1639 repa·

217 1685 311 1737 rare;
336 1673 533 1745 corruptum
558 1675 672 1726 autem
706 1685 865 1747 reparare
900 1675 953 1727 est
976 1685 1160 1748 resurgere
1173 1688 1207 1736 ;,.

212 1791 311 1853 ergo

306 1983 370 2046 De
392 1984 569 2047 seeundo
593 1981 800 2060 Articulo,
823 1984 955 2046 scilicet
977 1986 1008 2046 si
1028 1985 1072 2045 de
1088 1982 1181 2046 facto

211 2092 280 2151 erit
315 2091 518 2153 resurrectio
553 2091 730 2152 hominum
765 2091 947 2173 generalis,
975 2092 1052 2153 dico
1086 2092 1181 2172 quod

215 2198 275 2258 sic.
301 2194 406 2277 Cujus
431 2196 669 2259 Conclusionis
693 2200 821 2259 veritas
851 2196 1033 2261 manifesta
1057 2209 1112 2259 est
1133 2218 1180 2260 ex

216 2302 293 2364 fide.
322 2302 423 2365 Hanc
457 2306 547 2365 enim
583 2305 762 2365 veritatem
798 2315 960 2384 tanquam
994 2306 1179 2367 articulum

215 2408 294 2471 fidei
320 2412 482 2491 exprimit
506 2420 576 2471 tam
593 2410 788 2491 symbolum
813 2410 1074 2490 Apostolorum,
1090 2412 1180 2473 scili·

211 2526 290 2577 oet:
320 2518 435 2578 Carnis
465 2520 732 2584 resurrectionem,
761 2535 863 2597 quam
899 2518 1095 2597 symbolum
1121 2519 1179 2581 Ni-

213 2642 372 2686 caenum:
396 2624 536 2701 Expecto
559 2627 817 2684 resurrectionem
841 2606 1045 2691 mortuorum,
1074 2645 1178 2705 quam

216 2731 411 2810 symbolum
437 2730 620 2791 Athanasii
645 2732 704 2810 qui
728 2731 927 2811 dicitquod
952 2752 1058 2791 omnes
1082 2734 1178 2791 homi-

216 2856 271 2895 nes
294 2857 460 2915 resurgere
490 2838 602 2897 habent
623 2858 692 2897 cum
714 2838 894 2915 corporibus
921 2840 997 2898 sues.
1022 2836 1070 2899 Et
1092 2839 1176 2901 illud
1252 2821 1256 2832 Ι

215 2942 317 3002 valde
341 2962 503 3022 expresse
528 2943 673 3005 habetur
695 2945 731 3004 in
753 2940 980 3005 multis'loois
1004 2942 1040 3005 S.
1065 2941 1177 3025 Scrip-

209 3058 314 3118 ¹turae,
350 3058 468 3128 utpote
492 3051 527 3110 in
544 3050 613 3127 Jeb.
641 3070 690 3125 19.
719 3052 777 3130 qui
814 3051 916 3111 dicit:
952 3056 983 3109 et
1014 3052 1049 3110 in
1083 3071 1176 3111 carne

214 3176 285 3215 mea
309 3156 413 3215 videbo
437 3156 542 3215 Deum
567 3157 761 3215 Salvatorem
795 3164 908 3216 meum.
933 3154 980 3218 Et
1002 3158 1106 3219 etiam
1141 3160 1174 3219 in

215 3280 243 3323 r.
268 3262 368 3338 Epist.
394 3263 438 3321 ad
463 3263 531 3323 Cor.
558 3280 605 3339 15.
632 3264 689 3325 ubi
713 3264 840 3325 dieitur
857 3264 951 3343 quod
967 3265 1002 3323 in
1018 3266 1080 3323 ictu
1096 3266 1177 3324 oculi

210 3388 322 3428 'omnes
356 3390 566 3447 resurgemus.
591 3368 638 3431 Et
672 3369 763 3430 Mate.
795 3388 846 3445 25.
882 3378 917 3430 et
950 3371 986 3432 in
1019 3370 1174 3449 pluribus

210 3475 294 3536 -aliis
319 3476 412 3536 locis
