2600 4200
218 226 279 301 ²58
430 223 505 285 Lm.
530 222 584 285 IV
608 222 916 307 Saurantmnun

191 400 422 480 diversimode
445 402 643 473 incurritur;
661 420 730 483 uno
746 402 849 463 modo
869 410 1009 487 propter
1024 402 1154 489 crimeq

191 506 366 587 publicum
390 507 527 587 publice
557 508 789 578 commissum,
814 508 871 569 vel
894 510 976 588 quia
999 526 1020 567 a
1038 507 1156 587 iudice

190 630 304 699 coram
329 633 397 695 quo
428 616 556 678 crimen
590 615 765 695 probetur,
797 614 970 697 judicatur
1004 606 1175 705 infamio(

191 716 395 811 Differentiae
410 730 524 796 tamen
541 729 594 782 est
610 722 700 782 inter
716 720 908 799 infamatum
925 730 959 783 et
971 720 1152 806 infamiam.

191 824 260 912 Hic
283 837 396 902 autem
421 828 593 907 loquimur
616 828 658 889 de
682 828 808 905 infami.

279 933 377 995 Pana
400 936 650 1013 irregularitatis
675 932 844 1017 infligitur
868 954 888 995 a
908 934 994 1015 jure,
1019 944 1054 995 et
1087 934 1155 1017 th

191 1040 375 1123 aliquando
397 1060 444 1103 ex
466 1042 661 1109 criminibus,
691 1041 877 1123 aliquando
898 1062 959 1103 non
983 1062 1027 1103 ex
1048 1042 1156 1125 azimi-

190 1148 290 1229 aiius,
319 1148 502 1231 aliquando
536 1168 582 1224 ex
616 1148 687 1209 illis
721 1167 800 1229 quae
828 1154 963 1229 pemani
995 1148 1153 1229 interdum

190 1274 255 1319 esse
277 1256 422 1323 crimina,
452 1255 610 1315 interdum
633 1276 694 1315 noa
730 1276 795 1315 esse
828 1257 974 1316 crimina.
998 1253 1155 1343 Criminq

190 1361 227 1427 in
250 1379 377 1442 genere
399 1370 481 1423 sunt
505 1369 665 1443 quatuor:
692 1380 797 1423 unum
814 1370 867 1423 est
879 1363 1033 1437 simonia:
1057 1360 1153 1449 aliud

190 1476 243 1532 est
265 1468 406 1527 ordimm
430 1486 563 1529 sacrum
588 1468 644 1529 vel
681 1487 749 1529 non
774 1486 908 1530 sacrum
927 1466 1052 1541 furtiue
1074 1469 1152 1530 reci-

183 1580 286 1653 pere:
309 1574 402 1637 aliud
425 1584 478 1637 est
501 1576 536 1637 in
553 1575 672 1636 ordine
686 1595 754 1636 non
768 1584 928 1655 suscepto
945 1576 1152 1641 minuirare:

191 1680 283 1742 aliud
307 1690 359 1743 est
382 1682 574 1742 contumacia
597 1702 667 1754 non
690 1682 906 1745 observando
933 1682 1031 1763 leges
1054 1698 1156 1742 ceno-

191 1788 294 1857 nicas.
320 1787 398 1850 Non
422 1798 535 1851 autem
561 1791 596 1851 in
631 1807 758 1869 genere
792 1790 936 1851 crimina
969 1798 1051 1849 sunt
1084 1789 1154 1861 ista

189 1897 275 1956 tria:
299 1898 442 1964 servitus,
471 1898 636 1975 illegitima
660 1898 808 1956 nativitas
831 1906 865 1956 et
881 1897 1036 1955 mutilatio
1059 1914 1155 1955 mem·

189 2003 248 2063 bri.
274 2000 346 2063 Ista
369 2012 483 2065 autem
507 2022 586 2083 qnae
610 2002 795 2082 aliquando
819 2010 965 2083 possunt
988 2020 1065 2063 esse
1088 2002 1151 2063 cri·

189 2112 291 2178 mina.
309 2111 493 2191 aliquando
517 2130 596 2182 non,
622 2120 703 2172 sunt
726 2110 866 2188 bigamia
889 2121 923 2170 et
946 2110 1149 2170 homicidium

190 2219 271 2296 quia
296 2218 517 2279 homicidium
541 2217 726 2298 aliquando
754 2226 869 2296 potest
897 2236 973 2278 esse
997 2213 1154 2277 volunta·

190 2326 288 2391 rium,
314 2323 497 2404 aliquando
521 2323 667 2385 casuale.

234 2431 526 2491 Excommunicaiio
538 2430 723 2511 aliquando
736 2427 904 2511 infligitur
919 2450 939 2490 a
946 2431 1033 2509 jure,
1047 2448 1153 2509 quan·

97 2523 100 2528 ’
189 2538 302 2617 doque
315 2557 335 2598 a
342 2537 469 2617 judice;
484 2539 544 2599 sed
561 2540 635 2599 sive
649 2539 698 2600 sic
711 2539 785 2598 sive
801 2539 850 2598 sic
867 2534 1044 2618 infligatur
1058 2537 1153 2597 bono

189 2646 292 2706 modo
305 2665 371 2706 non
396 2645 540 2705 habetur
564 2663 725 2706 numerus
742 2644 1146 2705 excommunicationum.

190 2750 267 2813 Hoc
301 2762 414 2813 tamen
449 2752 525 2812 dico
560 2751 653 2831 quod
677 2770 738 2813 nec
763 2751 878 2831 ajure
902 2769 963 2811 nec
991 2770 1012 2810 a
1029 2749 1146 2830 judice

189 2858 289 2919 debet
302 2856 412 2938 infligi
438 2860 501 2920 nisi
520 2879 582 2938 pro
598 2867 739 2938 peccato
752 2858 904 2929 mortali:
920 2875 982 2918 nec
993 2875 1056 2936 pro
1069 2873 1152 2936 quo·

189 2983 323 3049 cunque
347 2967 492 3035 mortali,
518 2965 578 3026 sed
605 2967 716 3045 gravi,
735 2965 778 3025 ad
793 2965 886 3044 quod
902 2966 1057 3044 sequitur
1072 2981 1152 3023 con-

189 3075 338 3132 tumacia
361 3082 398 3132 ut
422 3075 456 3133 in
481 3073 558 3133 aliis
575 3072 853 3134 distinctionibus
876 3071 1005 3133 dictum
1029 3068 1103 3130 fuit.

280 3180 479 3238 Interdictum
521 3189 633 3239 autem
669 3188 784 3257 potest
819 3175 928 3260 infligi
965 3175 1151 3258 aliquando

191 3288 252 3345 loco
275 3297 309 3347 et
332 3307 400 3348 non
427 3305 595 3365 personae‚
631 3285 816 3365 aliquando
834 3291 978 3362 persona
1012 3291 1046 3345 et
1081 3301 1151 3345 non

191 3393 276 3460 loco,
301 3395 505 3473 quandoque
529 3394 591 3452 loco
615 3404 649 3453 et
678 3399 822 3470 persona
857 3391 979 3462 simul;
1015 3401 1049 3452 et
1083 3393 1152 3451 ista

190 3519 294 3578 poena
316 3499 528 3559 contrahitur
551 3520 571 3560 a
589 3500 676 3579 jure,
701 3501 906 3578 quandoque
940 3519 960 3558 a
979 3498 1104 3577 judice.

279 3605 448 3682 Suspensio
483 3617 595 3667 autem
620 3606 805 3685 aliquando
829 3603 998 3686 infligitur
1021 3623 1042 3664 a
1060 3605 1149 3684 jure,
