2600 4200
220 259 282 306 120
445 241 520 305 Lm.
546 243 590 304 111
615 242 910 306 Sauranrmnvn

197 361 319 368 —
1001 355 1149 366 ——.-—-.

192 447 247 512 ubi
272 448 490 530 Augustinus,
515 468 581 510 non
595 447 687 510 malis
698 447 781 510 idest
804 445 888 508 vitiis
911 445 967 508 sed
980 445 1096 528 poeuis.
1110 481 1154 490 -

192 555 360 628 Praeterea,
386 553 440 616 ubi
463 563 512 616 est
536 555 671 616 morbus
694 553 737 616 ibi
767 552 943 635 apponitur
978 551 1158 624 medicina;

191 663 247 724 sed
261 659 420 723 medicina
433 658 496 723 fuit
508 661 613 743 passio
626 659 745 724 Christi
756 681 763 736 ;
777 680 857 742 ergo
870 659 902 720 in
914 659 1023 721 anima
1036 657 1158 722 Christi

191 767 252 830 fuit
275 787 370 829 verus
392 767 496 846 dolor,
519 776 552 830 et
575 775 703 829 constat
727 767 816 848 qnod
841 767 873 828 in
897 787 936 828 eo
960 764 1020 828 fuit
1043 785 1157 828 verum

191 875 348 957 gaudium
371 874 448 956 quia
471 883 540 936 erat
563 871 834 956 comprehensor;
858 893 950 955 ergo.

259 983 493 1044 RESPONDEO.
537 980 574 1042 In
612 981 674 1042 ista
711 979 893 1062 quaestione
928 987 1006 1042 sunt
1044 978 1157 1041 multae

190 1088 359 1170 opiniones
387 1107 468 1168 quas
503 1106 569 1150 non
607 1107 722 1149 omnes
764 1086 898 1149 intendo
936 1085 1076 1160 recitare,
1100 1085 1158 1147 sed

191 1193 334 1256 recitabo
358 1195 401 1256 ad
426 1213 569 1276 praesens
592 1203 723 1256 tantum
749 1203 891 1275 quatuor
914 1201 947 1256 et
977 1193 1156 1255 secundum

191 1299 254 1362 hoc
277 1309 352 1362 sunt
376 1309 518 1382 quatuor
542 1300 692 1362 Articuli.

265 1511 360 1579 Una
386 1513 539 1597 opae'm'o
561 1513 638 1576 dicit
662 1513 751 1596 quod
776 1511 807 1574 in
831 1511 940 1574 anima
953 1511 1072 1576 Christi
1094 1509 1154 1573 luit

189 1619 285 1682 simul
309 1621 401 1682 dolor
425 1629 459 1682 et
486 1621 656 1703 gaudium,
669 1621 745 1702 quia
759 1619 790 1682 in
803 1619 912 1681 anima
925 1617 1043 1682 Christi
1055 1618 1157 1679 sensi·

191 1727 262 1789 tiva
285 1725 345 1788 luit
368 1747 463 1790 verus
486 1727 579 1789 dolor
603 1737 635 1790 et
667 1747 733 1790 non
768 1725 945 1809 gaudium,
985 1725 1016 1786 in
1047 1723 1158 1786 anima

191 1853 273 1896 vero
297 1833 495 1896 intellectiva
518 1843 587 1896 erat
609 1853 723 1896 verum
749 1833 905 1916 gaudium
930 1840 962 1894 et
974 1851 1040 1894 non
1053 1831 1158 1900 dolor.

257 1939 411 2002 Primum
446 1949 536 2023 patet
559 1942 624 2003 sic:
651 1941 754 2002 Dolor
777 1949 825 2002 est
858 1939 965 2021 passio
1002 1937 1090 2000 illata
1123 1947 1160 2000 et

195 2045 410 2129 perceptibilis
433 2047 647 2129 apprehensio
672 2045 754 2110 illius
777 2045 937 2129 passionis
965 2045 1074 2120 illatae;
1098 2044 1159 2109 sed

191 2153 222 2214 in
247 2152 387 2227 Christo,
420 2164 582 2235 quantum
623 2154 666 2217 ad
697 2154 841 2217 animam
866 2153 1063 2227 sensitivam,
1087 2160 1160 2214 erat

190 2258 298 2340 passio
332 2260 429 2334 illata,
453 2271 486 2323 et
509 2259 725 2343 perceptibilis
749 2258 965 2342 apprehensio
998 2258 1159 2341 passionis

191 2364 273 2426 illius
296 2364 404 2439 illatae,
439 2366 515 2448 qnia
538 2388 650 2431 sensus
673 2376 781 2431 tactus
806 2367 932 2449 optime
967 2366 1100 2449 vigebat
1122 2365 1157 2429 in

162 2466 169 2480 '
190 2493 239 2543 eo,
265 2472 342 2553 quia
364 2482 432 2535 erat
457 2473 664 2537 nobilissimae
688 2472 938 2555 complexionis.

258 2578 446 2642 Secundum
470 2580 651 2643 declaratur
674 2601 717 2643 ex
742 2578 805 2642 hoc
840 2580 918 2661 quia
940 2580 972 2641 in
997 2587 1088 2661 parte
1111 2577 1159 2641 in-

189 2685 350 2747 tellectiva
373 2695 441 2749 erat
454 2687 622 2768 plenitudo
638 2686 814 2750 divinitatis
830 2694 863 2748 et
879 2685 1001 2769 gaudii;
1014 2685 1086 2747 talis
1099 2705 1159 2747 au·

190 2800 257 2854 tem
282 2792 451 2873 plenitudo
464 2813 529 2856 non
553 2792 762 2875 permittebat
774 2813 850 2856 eum
875 2792 992 2857 sentire
1010 2792 1160 2874 aliquem

190 2899 347 2960 dolorem.

261 2999 398 3072 Contra
415 3001 483 3073 hoc
503 3001 677 3093 objicitur
697 3028 753 3090 per
778 3006 1024 3069 Damascenum
1049 3004 1103 3068 lib.
1115 3022 1163 3084 3.

190 3110 246 3193 qui
270 3110 459 3193 dicitquod
484 3112 632 3176 Christus
664 3112 778 3177 habuit
803 3122 958 3176 moestam
975 3111 1166 3193 intelligen-

187 3217 288 3291 tiam;
313 3217 370 3279 sed
393 3217 603 3301 intelligentia
637 3218 847 3302 distinguitur
882 3229 996 3283 contra
1027 3226 1167 3301 partem

190 3323 395 3403 sensitivam3
420 3345 499 3407 ergo
522 3346 589 3389 non
612 3326 719 3388 solum
744 3326 776 3390 in
801 3326 952 3389 sensitiva
975 3323 1168 3393 sedetiam

191 3430 223 3491 in
248 3428 441 3493 intellectiva
464 3430 524 3495 suit
548 3433 703 3495 moestitia
727 3432 793 3495 slve
817 3432 952 3497 tristitia.

258 3535 429 3610 Praeterea,
466 3558 554 3599 mors
589 3538 708 3601 Christi
744 3548 801 3601 aut
824 3537 885 3601 fuit
921 3536 1072 3602 naturalis
1092 3552 1169 3607 aut

191 3641 349 3714 violenta;
374 3660 439 3703 non
463 3645 618 3705 naturalis
642 3644 698 3724 qui
723 3654 802 3707 tunc
826 3644 1091 3707 suissetmortuus
1125 3646 1168 3712 in

191 3744 252 3805 isto
276 3744 417 3818 instanti,
430 3746 456 3807 si
481 3749 569 3809 nulla
586 3750 694 3829 passio
718 3748 829 3813 suisset
844 3751 872 3812 ei
896 3750 983 3814 illata
998 3748 1083 3833 quod
1103 3766 1172 3821 est
