2600 4200
344 264 533 326 Disnxcr.
557 263 607 326 IV
621 257 625 264 '
637 263 783 344 Quasi.
803 263 823 326 ἶ
1028 279 1070 342 43

119 471 243 550 placet;
270 470 351 531 inter
374 465 489 532 omnes
506 479 617 532 autem
638 470 732 531 tertia
747 458 875 532 videtur
899 467 979 530 mihi
1002 459 1097 532 ratio·

125 574 276 640 nabilior.
680 568 685 575 ³
1071 564 1075 570 Δ

191 793 256 858 Be
278 793 472 858 seeundo
489 790 748 875 prtneepalt
768 791 841 853 dico
864 791 956 872 quod
987 790 1092 872 Virgo

127 899 233 961 Maria
262 908 312 962 est
349 900 455 961 Mater
478 909 510 962 et
544 899 605 962 Dei
631 898 773 983 genitrix
796 896 991 979 appellanda
1015 897 1097 958 sicut

126 1015 216 1088 patet
235 1027 294 1086 per
319 1007 563 1069 Damascenum
593 1005 648 1067 lib.
672 1003 706 1067 8.
730 1015 799 1086 cap.
821 1022 855 1083 5.
881 1003 957 1076 Dei,
981 1002 1099 1085 inquit,

125 1113 318 1195 genitricem
344 1112 498 1174 Sanctam
524 1112 696 1194 Virginem
720 1111 949 1193 praedicamus,

192 1219 366 1290 Praeterea,
391 1219 460 1300 ipsa
484 1219 599 1281 habuit
633 1219 745 1281 omnia
779 1238 855 1300 quae
887 1217 1097 1298 requiruntur

121 1327 166 1389 ad
191 1347 304 1388 veram
337 1336 486 1396 matrem,
511 1325 588 1407 quia
618 1324 769 1406 concepit
792 1334 826 1386 et
849 1324 975 1405 peperit
996 1322 1098 1403 juxta

122 1433 205 1495 illud
228 1433 328 1495 Lucre
351 1443 420 1514 cap.
446 1451 475 1494 Ι.
502 1433 588 1495 Ecce
611 1430 774 1513 concipies
797 1440 831 1492 et
854 1430 959 1512 paries
982 1419 1098 1491 filium.

193 1539 372 1611 Praeterea,
390 1547 523 1620 propter
546 1537 880 1601 communicationem
904 1536 1098 1599 idiomatum

125 1666 354 1728 quaecumque
376 1645 529 1708 dicuntur
561 1647 603 1707 de
634 1645 688 1708 ilio
719 1643 853 1706 homine
883 1643 1036 1705 dicuntur
1059 1643 1102 1705 de

127 1753 226 1833 De0;
251 1755 309 1815 sed
333 1753 375 1815 de
398 1753 460 1814 isto
495 1753 627 1816 homine
661 1751 778 1814 dicitur
811 1750 902 1833 quod
936 1759 985 1812 est
1018 1749 1104 1811 filius

126 1860 295 1943 Virginis;
319 1881 400 1942 ergo
425 1852 516 1921 Deus
538 1869 587 1922 est
610 1858 694 1920 filius
717 1857 863 1940 Virginis
888 1867 922 1919 et
945 1877 1002 1938 per
1024 1876 1104 1919 con-

128 1979 273 2050 sequens
296 1967 404 2029 Maria
427 1975 476 2030 est
500 1965 605 2028 Mater
629 1963 701 2030 Dei.

198 2074 376 2146 Proeterea,
404 2074 487 2136 sicut
509 2093 544 2136 se
568 2071 668 2135 habet
690 2070 776 2135 filius
791 2071 852 2135 Dei
871 2072 915 2134 ad
930 2069 1104 2153 Virginem

131 2183 287 2254 Matrem,
312 2182 357 2243 sic
382 2180 466 2243 filius
489 2180 631 2243 hominis
666 2180 707 2242 ad
744 2179 854 2242 Deum
878 2188 1023 2262 patrem3
1048 2178 1105 2240 sed

134 2289 286 2353 Christus
309 2297 358 2350 est
381 2287 465 2350 filius
496 2288 558 2349 Dei
594 2287 715 2364 Patris;
739 2306 818 2368 ergo
847 2286 950 2347 Filius
974 2284 1034 2347 Dei
1058 2293 1108 2346 est

136 2395 239 2457 Filius
262 2394 409 2477 Virginis
433 2394 557 2457 Matris.

204 2610 267 2673 AD
308 2622 454 2672 PRIMUM
490 2622 708 2671 PRINOEPALE
744 2607 860 2670 dicitur
892 2605 985 2699 quod
1020 2604 1108 2687 prin-

137 2717 222 2799 eipia
245 2716 406 2778 naturalia
429 2736 496 2779 non
520 2724 596 2777 sunt
619 2713 771 2777 distincta
801 2733 858 2795 per
894 2712 1012 2774 hocin
1037 2732 1111 2793 pro-

139 2824 246 2905 posito
270 2824 360 2904 quod
386 2843 488 2884 unum
512 2822 639 2885 dicatur
675 2840 763 2883 mere
796 2821 950 2892 activum,
969 2818 1109 2880 alterum

140 2949 229 2991 mere
252 2930 437 3011 passivum;
461 2929 519 2991 sed
543 2949 600 3010 per
623 2928 687 2990 hoc
710 2929 800 3009 quod
824 2946 927 2989 unum
959 2936 1008 2987 est
1031 2924 1110 2986 acti-

142 3056 222 3097 vum
246 3036 454 3117 principalius
476 3035 560 3098 sicut
576 3044 677 3117 pater,
698 3035 786 3096 aliud
803 3034 910 3095 minus
934 3032 1112 3114 principale

142 3140 226 3203 sieut
250 3152 363 3204 mater.

214 3249 270 3311 Ad
287 3249 387 3311 aliud
407 3248 524 3311 dicitur
547 3247 638 3330 quod
660 3247 764 3310 virtus
779 3246 870 3308 finita
886 3254 994 3328 potest
1013 3266 1113 3326 agere

147 3354 183 3417 in
206 3356 333 3418 instanti
357 3356 383 3418 si
418 3364 495 3419 sunt
528 3363 655 3417 remota
689 3354 800 3416 omnia
835 3353 1069 3435 impedimenta
1091 3373 1111 3413 a

146 3460 304 3544 principio
342 3463 481 3545 passivo.
527 3462 613 3524 Nam
656 3470 790 3543 propter
832 3460 1113 3541 indispositionem

149 3567 294 3651 principii
319 3571 434 3652 passivi
458 3590 559 3652 agens
582 3568 650 3651 agit
675 3568 707 3630 in
731 3576 888 3649 tempore.

138 3699 141 3703 ·
221 3676 275 3737 Ad
293 3676 424 3739 tertium
458 3676 575 3739 dicitur
609 3675 700 3757 quod
734 3694 800 3737 non
825 3675 930 3736 valet:
956 3672 1035 3734 illud
1065 3680 1116 3733 est
