2600 4200
386 751 702 858 Distinctio
741 749 985 856 XLVII.

445 1021 565 1100 solet
593 1025 721 1100 etiarn
755 1024 930 1122 quaeni...

301 1218 392 1278 Circa
416 1217 563 1277 Distincl.
588 1234 638 1294 47.
651 1223 682 1276 et
696 1219 747 1292 48.
764 1236 871 1295 quoero
882 1222 945 1276 tres
963 1216 1173 1290 Quoesliones.

205 1324 345 1386 Primo:
388 1324 503 1384 Utrum
537 1325 716 1383 universale
740 1323 902 1401 judicium
936 1325 980 1382 sit
1000 1321 1173 1398 futurum.

207 1429 377 1494 Secundo:
413 1431 527 1490 Utrum
550 1430 686 1490 mundus
708 1431 751 1490 sit
766 1428 957 1508 purgandus
973 1431 1173 1507 perignem.

206 1537 346 1599 Tertio:
378 1537 493 1597 Utrum
510 1543 584 1615 post
595 1537 757 1614 judicium
778 1542 876 1595 cessat
890 1541 990 1594 molus
1005 1542 1173 1613 corporum

203 1646 382 1704 coelestium.

571 1888 753 1970 QuAEsno
777 1889 803 1950 Ι.

320 2035 376 2094 Ad
389 2035 532 2113 primam
559 2033 768 2107 Quoestionem
791 2034 835 2090 sic
852 2032 1060 2109 proceditur:

298 2194 445 2256 Videtur
468 2194 560 2274 quod
582 2192 778 2255 universale
797 2193 963 2273 judicium
981 2212 1050 2253 non
1063 2195 1110 2254 sit
1123 2192 1172 2255 fu·

206 2311 333 2371 turum,
358 2303 439 2380 quia
462 2300 557 2361 Deus
581 2319 650 2361 non
674 2301 772 2379 punit
797 2300 849 2361 bis
880 2300 915 2360 in
947 2299 1109 2379 idipsum,
1134 2310 1173 2361 ut

206 2410 334 2470 dicitur
356 2408 496 2468 Nahum.
522 2426 570 2476 1.,·
593 2406 654 2468 sed
677 2406 773 2468 Deus
797 2408 934 2485 puniret
956 2406 1010 2467 bis
1034 2407 1070 2467 in
1086 2406 1174 2486 idin

207 2534 285 2576 sum
310 2515 338 2575 si
363 2524 453 2575 esset
477 2514 672 2575 universale
692 2513 857 2593 judicium
881 2510 1033 2574 futurum
1048 2510 1060 2583 ;'
1084 2532 1172 2595 ergo

208 2641 278 2683 non
302 2632 355 2682 est
378 2620 571 2681 universale
591 2620 757 2700 judicium
781 2616 943 2680 futurum.

298 2728 338 2788 In
371 2729 564 2787 contrarium
599 2736 652 2787 est
680 2725 902 2807 Augustinus
936 2745 975 2785 21
1010 2726 1061 2786 De
1102 2727 1170 2787 civ.

209 2836 276 2895 Dei
296 2856 320 2895 c.
345 2854 393 2894 21.

299 2940 342 3001 IN
367 2954 452 3001 mn
476 2929 710 3020 QuAEsn'oNE
733 2940 798 3000 tria
822 2949 902 3000 sunt
924 2939 1082 3000 videnda.
1097 2940 1172 2999 Pri-

208 3069 267 3116 mo,
297 3048 325 3108 si
350 3047 543 3108 universale
564 3046 728 3126 judicium
757 3056 810 3107 est
833 3044 995 3107 futurum.
1014 3045 1166 3114 Secundo,

207 3156 239 3216 si
264 3155 349 3215 illud
368 3154 532 3233 judicium
558 3155 622 3216 erit
646 3155 681 3214 in
707 3161 859 3233 tempore
875 3152 931 3215 vel
955 3154 990 3215 in
1014 3154 1169 3215 instanti.

216 3262 330 3330 Tertio,
359 3261 499 3322 deloco
523 3261 580 3322 ubi
605 3262 679 3322 erit.

300 3474 363 3537 De
381 3474 525 3553 primo
548 3474 625 3559 dicu
648 3472 742 3552 quod
772 3474 821 3535 sic
856 3481 994 3553 propter
1021 3481 1174 3551 quatuor

207 3582 463 3661 congruentias,
488 3599 641 3660 quarum.
