2600 4200
284 229 472 291 Drsrnrcr.
499 226 615 289 XXVI
640 225 826 308 Quasr.1
980 228 1040 305 187

107 442 246 495 mentum
270 430 484 515 praeccdentis
499 430 671 513 opinionis,
683 431 760 513 quia
775 430 886 493 minor
902 439 951 493 est
967 429 1063 505 salsa;

106 549 150 601 est
170 540 254 602 enim
279 539 450 602 necessitas
474 539 615 621 ponendi
641 558 734 619 spem
757 538 944 601 distinctam
964 536 1068 600 afide

105 655 135 708 et
148 646 311 722 charitate,
328 656 400 709 tum
424 646 548 708 ratione
571 644 701 725 objecti,
717 654 790 707 tum
814 644 938 707 ratione
960 654 1066 718 actus,

106 762 171 815 tum
194 754 319 817 ratione
342 752 479 835 duplicis
509 750 697 825 affectionis,
723 760 759 814 ut
792 751 903 813 statim
937 750 1065 817 dictum

106 867 157 933 est,
179 870 250 923 tum
274 860 373 923 etiam
399 867 531 941 propter
554 860 682 921 dictum
705 842 882 940 Apostoli:
908 878 993 920 nunc
1009 878 1068 919 au-

107 974 166 1029 tem
190 976 323 1029 manent
346 965 436 1041 fides,
460 986 534 1048 spes
556 975 589 1029 et
613 964 761 1039 charitas,
785 965 847 1027 tria
871 964 974 1027 haec...

168 1072 207 1135 Si
227 1084 336 1137 autem
375 1093 504 1155 putaras
526 1072 664 1154 qualiter
698 1071 918 1153 distinguatur
948 1091 1023 1152 spes
1044 1092 1068 1135 a

107 1176 164 1243 lide
185 1190 217 1243 et
239 1180 407 1253 charitate,
431 1179 582 1261 quamvis
605 1178 647 1241 ad
672 1178 735 1240 hoc
763 1178 865 1260 possit
888 1186 998 1259 patere
1021 1197 1066 1242 ex

107 1285 201 1360 dictis,
224 1296 336 1349 tamen
360 1286 476 1349 dicitur
499 1286 589 1375 aliter
612 1284 658 1347 sic
681 1286 772 1367 quod
796 1305 870 1366 spes
899 1284 1066 1365 distingui-

106 1400 193 1455 tura
215 1394 291 1469 fide,
316 1394 393 1475 quia
416 1390 496 1455 fides
529 1402 578 1455 est
602 1392 821 1464 universalior,
846 1412 920 1473 spes
953 1399 1064 1455 autem

108 1500 338 1579 particularior;
363 1520 439 1562 nam
463 1498 544 1562 fides
566 1508 615 1561 est
638 1499 799 1561 certitudo
823 1498 947 1560 notitiae
964 1517 1069 1579 quan-

107 1613 171 1667 tum
194 1609 236 1669 ad
259 1607 371 1668 omnia
395 1606 576 1688 praeseutia,
601 1606 765 1687 praeterita
788 1614 821 1667 et
849 1603 967 1677 sutura,
992 1626 1069 1685 spes

107 1720 209 1774 autem
232 1723 282 1776 est
306 1712 466 1775 certitudo
490 1712 598 1774 solum
614 1712 657 1774 de
680 1710 805 1775 futuris.
823 1709 975 1774 Similiter
992 1732 1069 1792 spes

108 1818 309 1902 distinguitur
332 1840 352 1882 a
375 1818 539 1893 charitate,
563 1819 641 1901 quia
664 1816 804 1880 charitas
834 1826 883 1879 est
906 1816 1064 1879 universa·

110 1924 171 2006 lior,
193 1948 267 2009 spes
290 1934 402 1989 autem
426 1925 658 2007 particulatim,
683 1946 759 1987 nam
784 1923 923 1987 charitas
949 1933 998 1985 est
1022 1944 1066 1986 re·

109 2041 212 2113 spectu
235 2032 315 2095 boni
339 2030 506 2114 praesentis
528 2041 562 2094 et
596 2031 756 2106 absentis,¹
771 2052 845 2114 spes
879 2040 989 2093 autem
1021 2051 1070 2093 re-

110 2150 213 2220 spectu
237 2139 318 2204 boni
340 2138 482 2203 absentis
505 2147 645 2204 tantum.

174 2353 400 2438 Ouantum
423 2355 489 2421 ad
518 2355 699 2420 tertium
722 2351 974 2418 Arla'culrem
1011 2351 1069 2413 sci-

109 2457 175 2522 licet
196 2461 222 2524 si
245 2461 379 2525 habitus
401 2461 469 2544 spei
503 2461 544 2524 sit
578 2461 666 2542 prior
700 2459 865 2532 charitate,
890 2459 1066 2521 dicendum

109 2569 191 2646 quod
207 2569 380 2651 dupliciter
396 2567 555 2649 contingit
571 2585 762 2647 comparare
779 2565 928 2628 habitum
944 2565 1011 2647 spei
1024 2565 1067 2627 ad

110 2671 249 2736 habitum
274 2674 451 2737 charitatis.
480 2673 549 2737 Uno
572 2671 664 2734 ntodo
687 2672 811 2734 ratione
834 2672 1005 2734 habituum
1034 2672 1066 2735 in

109 2795 155 2863 se3
177 2781 243 2844 alio
267 2782 361 2844 modo
392 2780 516 2843 ratione
535 2779 708 2842 habituum
732 2787 997 2860 comparatorum
1024 2780 1068 2842 ad

108 2895 221 2951 actum.
244 2887 279 2952 Si
305 2887 411 2969 primo
436 2887 546 2960 modu,
563 2886 637 2947 dico
661 2887 752 2967 quod
775 2907 848 2966 spes
872 2895 905 2948 et
928 2885 1069 2947 charitas

108 3011 168 3055 non
191 2994 317 3058 habent
340 2994 487 3056 ordinem
512 2993 636 3075 prioris,
655 2992 731 3074 quia
747 3011 823 3054 cum
848 2992 911 3054 sint
934 2992 1071 3053 virtutes

108 3103 262 3180 gratuitae,
281 3110 409 3164 constat
432 3100 522 3183 quod
546 3099 642 3162 simul
667 3097 888 3161 infundantur.
907 3097 940 3161 Si
957 3107 1067 3160 autem

108 3205 275 3289 loquamur
311 3209 352 3270 de
387 3205 453 3270 istis
488 3206 653 3269 habitibus
686 3205 718 3267 in
754 3204 998 3286 comparatione
1026 3205 1068 3266 ad

107 3322 201 3388 actus
225 3335 305 3378 cum
329 3323 421 3377 actus
444 3313 512 3396 spei
537 3321 699 3396 praeparet
722 3320 754 3374 et
778 3311 930 3392 disponat
953 3312 995 3372 ad
1019 3330 1070 3372 ac-

108 3429 173 3482 tum
197 3421 374 3495 charitatis,
387 3427 467 3484 tunc
486 3421 632 3502 quodam
658 3419 770 3481 ordine
793 3417 925 3498 originis
940 3427 972 3478 et
989 3437 1069 3497 prae-

108 3529 279 3604 parationis
301 3537 396 3591 actus
419 3527 486 3609 spei
509 3526 671 3589 antecedit
702 3534 813 3587 actum
849 3523 1014 3584 charitatis
1037 3533 1073 3587 et

109 3629 232 3698 habitus
255 3635 324 3717 spei
350 3632 498 3695 habitum
523 3631 697 3696 charitatis.
