2600 4200
306 725 626 834 Distinctio
654 724 939 833 XXXVII

417 893 477 995 et
513 886 828 993 XXXVIII

255 1133 337 1213 Sed
363 1140 450 1237 jam
483 1138 728 1215 distributio
758 1136 995 1235 Deeangi...

208 1258 305 1324 Circa
341 1261 438 1324 istam
475 1262 561 1325 Dist.
583 1280 638 1347 57.
664 1272 696 1324 et
727 1272 918 1342 sequentem,
942 1260 1105 1343 queritur

123 1366 242 1449 primo
255 1390 268 1427 .·

507 1528 685 1610 Qunsno
709 1528 733 1590 1.

174 1686 286 1741 Utrum
303 1685 400 1740 omnic
418 1688 560 1754 precepta
576 1684 713 1753 necnon
729 1685 789 1741 rint
805 1686 840 1741 ‹Ie
858 1684 921 1753 Iege
938 1688 1061 1741 nature.

202 1832 249 1893 Et
272 1830 400 1909 vjdetur
423 1831 513 1912 quod
537 1852 612 1905 non,
637 1831 714 1912 quia
737 1831 770 1893 in
794 1830 843 1893 his
874 1852 950 1912 quae
984 1840 1060 1893 sunt
1082 1852 1102 1893 a

131 1940 206 2021 Iege
243 1947 379 2011 natum,
416 1958 482 2000 non
520 1937 607 1999 cadit
642 1938 851 2019 dispensatim
876 1938 973 2000 etiam
1012 1938 1101 2019 apud

131 2044 267 2120 Deum3
292 2044 349 2108 sed
373 2043 405 2106 in
428 2044 590 2126 aliquibus
614 2043 786 2128 praeceptis
818 2044 975 2126 Decalogi
1011 2046 1102 2107 Deus

130 2152 317 2233 dispensat;
342 2172 421 2234 ergo
439 2171 504 2214 non
528 2151 639 2214 omnia
663 2160 828 2233 praecepta
852 2152 1009 2232 Decalogi
1026 2161 1101 2213 sunt

128 2259 173 2321 de
198 2259 271 2340 Iege
306 2267 441 2320 naturae.
467 2259 582 2341 Major
605 2255 704 2340 patet,
728 2258 806 2340 quia
839 2278 915 2339 qnae
950 2267 1026 2319 sunt
1060 2259 1101 2321 de

132 2366 205 2447 lege
230 2374 367 2437 natum,
393 2366 443 2427 vel
469 2372 544 2426 sunt
568 2364 726 2446 principia
750 2365 927 2426 necessaria
958 2372 1034 2426 nota
1057 2384 1100 2426 ex

130 2472 288 2544 termInis‚
313 2473 363 2533 vel
388 2481 469 2533 sunt·
488 2471 712 2534 conclusiones
740 2492 816 2553 quae
851 2472 1029 2533 necessario
1052 2491 1100 2534 se-

130 2587 280 2660 quuntur
303 2599 346 2641 ex
381 2578 441 2640 illis
476 2577 650 2660 principiis,
675 2587 708 2640 et
738 2597 796 2659 per
830 2597 1032 2659 consequens
1067 2578 1099 2640 In

129 2685 176 2747 eis
202 2706 268 2746 non
284 2685 373 2746 cadit
395 2684 603 2766 dispensatiO.
622 2684 783 2746 Probatur
799 2685 908 2745 minor
921 2684 954 2746 in
971 2683 1100 2747 duobus

129 2791 270 2854 casibus
294 2791 421 2863 Primo,
439 2791 572 2872 quando
597 2791 687 2852 Deus
711 2791 867 2872 praecepit
890 2790 1039 2853 Abrahae
1062 2801 1100 2854 ut

131 2897 317 2960 Immolaret
341 2897 444 2960 filium
468 2917 575 2969 suurn,
592 2898 683 2979 quod
699 2906 767 2958 erat
783 2905 896 2959 contra
919 2896 998 2958 illud
1019 2917 1100 2978 prae-

129 3014 287 3086 ceptum:
312 3025 378 3066 non
402 3003 539 3066 occides.
565 3002 878 3084 Secundosquando
902 3003 992 3064 Deus
1015 3023 1096 3085 prae-

128 3111 220 3193 cepit
254 3110 325 3173 filiis
360 3110 457 3174 Israel
482 3119 519 3172 ut
554 3110 737 3191 acciperent
763 3110 807 3172 ab
830 3108 998 3191 AEgyptiis
1020 3130 1098 3172 vasa

129 3237 230 3280 aurea
247 3227 279 3280 et
294 3227 458 3300 argentea,
475 3218 565 3299 quod
581 3226 630 3279 est
646 3225 759 3278 contra
783 3215 862 3277 illud
879 3225 1096 3297 praeceptum:

131 3345 198 3386 non
225 3323 346 3386 furtum
371 3323 476 3386 facieS.

205 3428 334 3494 Contra.
359 3425 398 3496 In
422 3431 557 3493 decretis
581 3430 697 3492 dicitur
721 3429 809 3491 Dist.
835 3447 864 3490 Ι.
882 3429 939 3510 Jus
952 3433 1098 3492 naturale

127 3547 179 3600 est
203 3539 295 3618 quod
317 3538 502 3601 continetur
524 3537 556 3599 in
582 3537 653 3618 Iege
675 3545 707 3597 et
733 3536 924 3617 Evangelia

200 3645 435 3710 RESPONDEO.
461 3645 497 3706 In
514 3645 574 3706 ista
590 3643 771 3725 quaestione
783 3652 858 3704 sunt
874 3642 934 3705 tria
946 3643 1096 3705 videnda.
