2600 4200
314 205 502 270 Drsrrucr.
529 205 703 268 XXXIX
727 205 879 287 QnAEsr.
901 205 936 267 ΙΙ
1028 225 1089 285 337

245 439 308 500 De
332 437 455 500 tertio
478 436 672 500 Articulo
688 437 765 497 dico
777 446 847 498 tres
859 422 1113 499 conclusiones.

156 545 267 606 Primo
296 545 457 604 Conclusio
480 553 533 605 est
558 545 639 606 ista:
665 541 957 624 Consanguinitas
973 541 1115 623 impedit

156 651 408 714 matrimonium
434 651 468 712 in
493 650 609 729 aliquo
633 650 744 730 gradu
774 660 915 730 propter
945 650 1114 711 dictamen

156 756 244 838 legis
268 766 410 818 naturae.
436 757 577 817 Secundo
607 757 769 816 Conclusio
792 766 845 817 est
868 757 960 836 quod
976 774 1117 816 consan-

154 864 307 944 guinitas
330 864 473 942 impedit
495 864 748 924 matrimonium
784 863 820 925 in
855 862 970 943 aliquo
1004 861 1114 943 gradu

152 979 292 1049 propter
318 970 582 1049 prohibitionem
617 969 708 1050 legis
742 969 880 1030 divinae.
925 970 1031 1028 Tertio
1061 978 1115 1029 est

153 1077 220 1136 ista
243 1077 334 1156 quod
368 1078 650 1158 consanguinitas
685 1077 828 1156 impedit
860 1077 1114 1136 matrimonium

153 1183 188 1244 in
212 1182 328 1264 aliquo
352 1183 461 1263 gradu
486 1193 626 1263 propter
650 1193 816 1244 statutum
841 1181 1016 1244 Ecclesiae.

242 1287 355 1350 Primo
384 1290 552 1358 Conclusio,
582 1289 816 1371 scilicetquod
832 1289 1114 1370 consanguinitas

155 1395 297 1475 impedit
320 1396 574 1458 matrimonium
610 1397 644 1456 in
680 1394 796 1476 aliquo
830 1395 939 1477 gradu
974 1403 1115 1475 propter

152 1501 321 1562 dictamen
346 1501 436 1582 legis
470 1509 613 1569 naturae,
649 1502 730 1580 quia
764 1500 939 1563 vinculum
975 1519 1116 1562 consan-

153 1609 333 1687 guinitatis
357 1607 449 1686 quod
480 1615 532 1667 est
566 1608 695 1687 stipitis
730 1608 772 1669 ad
806 1607 936 1687 prolem
972 1608 1114 1687 impedit

152 1715 405 1775 matrimonium
429 1732 475 1774 ex
499 1715 682 1774 dictamine
712 1713 802 1794 legis
838 1725 978 1775 naturae.
1011 1713 1114 1776 Unde

152 1821 306 1881 naturale
329 1829 382 1881 est
405 1821 496 1900 apud
520 1839 639 1882 omnes
663 1821 755 1900 quod
778 1819 870 1882 filius
885 1839 953 1882 non
977 1821 1115 1901 conjun-

152 1927 248 2006 gitur
271 1929 382 1994 matn',
407 1937 443 1988 et
465 1927 557 2008 quod
579 1925 651 1990 filia
674 1945 743 1988 non
766 1927 986 2007 conjungitur
1013 1929 1112 2006 patri,

152 2041 187 2094 et
210 2031 274 2095 hoc
298 2043 351 2096 est
367 2041 506 2115 propter
522 2034 755 2115 generationis
767 2034 1017 2094 successionem
1034 2052 1113 2113 quae

152 2139 253 2202 debet
287 2140 479 2221 procedere,
515 2159 583 2201 non
617 2137 842 2212 retrocedere;
878 2141 968 2203 unde
1000 2142 1114 2221 proles

152 2248 271 2329 genita
309 2265 377 2309 non
420 2248 521 2309 debet
559 2248 724 2328 coniungi
762 2266 826 2309 suo
868 2248 1037 2329 principio
1074 2258 1114 2309 ut

152 2354 285 2434 gignat.

243 2460 384 2519 Socruida
414 2460 583 2529 Conclusio,
620 2460 751 2522 scilicet
784 2461 877 2541 quod
910 2460 1113 2541 consangui-

152 2566 243 2628 nitas
267 2566 410 2647 impedit
435 2568 690 2628 matrimonium
715 2568 749 2627 in
783 2568 900 2648 aliquo
934 2567 1043 2649 gradu
1067 2586 1112 2627 ex

150 2672 229 2753 lege
252 2672 379 2741 divina,
404 2682 442 2733 ut
465 2682 559 2752 patet
583 2674 685 2733 Levil.
709 2678 768 2742 18„
797 2675 854 2735 ubi
867 2672 906 2735 fit
925 2673 1112 2753 prohibitio

150 2796 259 2857 usque
283 2778 326 2839 ad
350 2778 536 2841 secundum
561 2780 728 2860 gradum;
753 2788 787 2839 et
809 2781 897 2841 ratio
921 2779 1023 2859 hujus
1047 2777 1112 2840 fuit

150 2894 290 2965 propter
312 2884 546 2957 honestatem;
572 2886 630 2966 qui
659 2886 749 2946 enim
785 2886 962 2947 mulierem
987 2904 1113 2967 cogno

151 2990 225 3059 scit,
240 2990 447 3070 discooperit
471 2991 696 3071 ignominiam
720 2990 807 3071 ejus;
826 2990 890 3051 hoc
907 3000 1021 3052 autem
1044 3010 1112 3051 ma·

150 3098 207 3177 gis
230 3105 283 3158 est
306 3098 523 3161 inhonestum
548 3096 660 3159 iacere
683 3099 886 3178 propinquae
916 3115 1017 3177 quarn
1042 3116 1111 3157 non

150 3204 364 3285 propinquae.

247 3309 350 3371 Tertia
379 3310 548 3377 Conclusio,
571 3310 703 3373 scilicet
718 3310 812 3390 quod
828 3312 1111 3393 consanguinitas

109 3490 111 3495 Ι
150 3417 293 3496 impedit
316 3418 569 3479 matrimonium
594 3416 711 3499 aliquo
745 3418 855 3499 gradu
879 3417 1025 3498 exlege
1049 3416 1112 3479 Ec-

149 3523 276 3590 clesiae,
301 3533 400 3603 patet·
420 3524 536 3584 Exlra.
563 3525 614 3584 De
636 3544 782 3601 consang.
808 3531 838 3584 el
858 3524 945 3603 affin.
972 3527 1004 3583 in
1033 3526 1112 3583 mool-

150 3632 191 3688 lis
213 3636 277 3706 cop.
304 3666 344 3673 -—
371 3628 439 3691 Sed
474 3631 555 3691 dz'ces
568 3654 579 3690 .·
604 3650 714 3709 usque
749 3630 793 3690 ad
828 3650 928 3710 quem
963 3630 1108 3711 gradum
