<?xml version="1.0" encoding="UTF-8"?>
<!DOCTYPE html PUBLIC "-//W3C//DTD XHTML 1.0 Transitional//EN"
    "http://www.w3.org/TR/xhtml1/DTD/xhtml1-transitional.dtd">
<html xmlns="http://www.w3.org/1999/xhtml" xml:lang="en" lang="en">
 <head>
  <title>
</title>
<meta http-equiv="Content-Type" content="text/html;charset=utf-8" />
  <meta name='ocr-system' content='tesseract 3.04.00' />
  <meta name='ocr-capabilities' content='ocr_page ocr_carea ocr_par ocr_line ocrx_word'/>
</head>
<body>
  <div class='ocr_page' id='page_1' title='image "./commentariainli02scotgoog_0438.png"; bbox 0 0 2600 4200; ppageno 0'>
   <div class='ocr_carea' id='block_1_1' title="bbox 227 245 945 308">
    <p class='ocr_par' dir='ltr' id='par_1_1' title="bbox 227 245 945 308">
     <span class='ocr_line' id='line_1_1' title="bbox 227 245 945 308; baseline -0.003 0"><span class='ocrx_word' id='word_1_1' title='bbox 227 250 287 308; x_wconf 81' lang='lat'>160</span> <span class='ocrx_word' id='word_1_2' title='bbox 461 247 535 308; x_wconf 72' lang='lat' dir='ltr'>ina.</span> <span class='ocrx_word' id='word_1_3' title='bbox 563 245 613 308; x_wconf 91' lang='lat' dir='ltr'>IV</span> <span class='ocrx_word' id='word_1_4' title='bbox 639 247 945 308; x_wconf 60' lang='lat' dir='ltr'>&amp;assumuntur</span> 
     </span>
    </p>
   </div>
   <div class='ocr_carea' id='block_1_2' title="bbox 186 424 1161 3598">
    <p class='ocr_par' dir='ltr' id='par_1_2' title="bbox 197 424 1161 914">
     <span class='ocr_line' id='line_1_2' title="bbox 198 424 1161 506; baseline -0.001 -21"><span class='ocrx_word' id='word_1_5' title='bbox 198 435 250 486; x_wconf 92' lang='lat' dir='ltr'>ret</span> <span class='ocrx_word' id='word_1_6' title='bbox 273 424 433 495; x_wconf 84' lang='lat' dir='ltr'><strong>albedini,</strong></span> <span class='ocrx_word' id='word_1_7' title='bbox 457 426 534 486; x_wconf 87' lang='lat' dir='ltr'>dico</span> <span class='ocrx_word' id='word_1_8' title='bbox 559 425 650 506; x_wconf 85' lang='lat' dir='ltr'>quod</span> <span class='ocrx_word' id='word_1_9' title='bbox 675 426 736 486; x_wconf 91' lang='lat' dir='ltr'>illa</span> <span class='ocrx_word' id='word_1_10' title='bbox 757 437 810 487; x_wconf 91' lang='lat' dir='ltr'>est</span> <span class='ocrx_word' id='word_1_11' title='bbox 844 425 962 486; x_wconf 90' lang='lat' dir='ltr'>eadem</span> <span class='ocrx_word' id='word_1_12' title='bbox 997 424 1161 485; x_wconf 86' lang='lat' dir='ltr'>inhaeren·</span> 
     </span>
     <span class='ocr_line' id='line_1_3' title="bbox 198 511 1160 612; baseline -0.001 -20"><span class='ocrx_word' id='word_1_13' title='bbox 198 533 256 592; x_wconf 86' lang='lat' dir='ltr'>tiae</span> <span class='ocrx_word' id='word_1_14' title='bbox 282 511 459 602; x_wconf 68' lang='lat' dir='ltr'>albedinis</span> <span class='ocrx_word' id='word_1_15' title='bbox 485 543 518 593; x_wconf 90' lang='lat' dir='ltr'>et</span> <span class='ocrx_word' id='word_1_16' title='bbox 542 533 589 593; x_wconf 94' lang='lat' dir='ltr'>ibi</span> <span class='ocrx_word' id='word_1_17' title='bbox 614 544 666 593; x_wconf 91' lang='lat' dir='ltr'>est</span> <span class='ocrx_word' id='word_1_18' title='bbox 691 541 811 603; x_wconf 70' lang='lat' dir='ltr'>status</span> <span class='ocrx_word' id='word_1_19' title='bbox 836 535 918 612; x_wconf 91' lang='lat' dir='ltr'>quia</span> <span class='ocrx_word' id='word_1_20' title='bbox 951 532 1010 593; x_wconf 90' lang='lat' dir='ltr'>illa</span> <span class='ocrx_word' id='word_1_21' title='bbox 1040 531 1160 592; x_wconf 89' lang='lat' dir='ltr'>relatio</span> 
     </span>
     <span class='ocr_line' id='line_1_4' title="bbox 197 637 1159 720; baseline 0 -22"><span class='ocrx_word' id='word_1_22' title='bbox 197 647 250 698; x_wconf 88' lang='lat' dir='ltr'>est</span> <span class='ocrx_word' id='word_1_23' title='bbox 281 640 399 700; x_wconf 86' lang='lat' dir='ltr'>eadem</span> <span class='ocrx_word' id='word_1_24' title='bbox 434 637 657 700; x_wconf 83' lang='lat' dir='ltr'>fundamento</span> <span class='ocrx_word' id='word_1_25' title='bbox 692 641 767 701; x_wconf 88' lang='lat' dir='ltr'>sine</span> <span class='ocrx_word' id='word_1_26' title='bbox 801 660 869 720; x_wconf 91' lang='lat' dir='ltr'>qua</span> <span class='ocrx_word' id='word_1_27' title='bbox 902 637 1159 700; x_wconf 83' lang='lat' dir='ltr'>fundamentum</span> 
     </span>
     <span class='ocr_line' id='line_1_5' title="bbox 197 744 1159 825; baseline 0 -19"><span class='ocrx_word' id='word_1_28' title='bbox 197 747 272 806; x_wconf 91' lang='lat' dir='ltr'>sive</span> <span class='ocrx_word' id='word_1_29' title='bbox 296 746 486 825; x_wconf 90' lang='lat' dir='ltr'>subjectum</span> <span class='ocrx_word' id='word_1_30' title='bbox 510 766 586 807; x_wconf 90' lang='lat' dir='ltr'>esse</span> <span class='ocrx_word' id='word_1_31' title='bbox 610 747 754 807; x_wconf 90' lang='lat' dir='ltr'>includit</span> <span class='ocrx_word' id='word_1_32' title='bbox 765 747 1081 816; x_wconf 83' lang='lat' dir='ltr'>contradictionem3</span> <span class='ocrx_word' id='word_1_33' title='bbox 1100 744 1159 805; x_wconf 81' lang='lat' dir='ltr'>sed</span> 
     </span>
     <span class='ocr_line' id='line_1_6' title="bbox 198 852 827 914; baseline 0.002 -2"><span class='ocrx_word' id='word_1_34' title='bbox 198 852 277 913; x_wconf 90' lang='lat' dir='ltr'>talis</span> <span class='ocrx_word' id='word_1_35' title='bbox 301 863 353 913; x_wconf 89' lang='lat' dir='ltr'>est</span> <span class='ocrx_word' id='word_1_36' title='bbox 378 853 581 914; x_wconf 67' lang='lat' dir='ltr'>inhaerentia</span> <span class='ocrx_word' id='word_1_37' title='bbox 605 853 827 914; x_wconf 84' lang='lat' dir='ltr'>inhaerentiae.</span> 
     </span>
    </p>

    <p class='ocr_par' dir='ltr' id='par_1_3' title="bbox 195 959 1161 1768">
     <span class='ocr_line' id='line_1_7' title="bbox 287 959 1160 1040; baseline 0 -22"><span class='ocrx_word' id='word_1_38' title='bbox 287 961 343 1019; x_wconf 72' lang='lat' dir='ltr'>‚id</span> <span class='ocrx_word' id='word_1_39' title='bbox 362 961 529 1019; x_wconf 86' lang='lat' dir='ltr'>secundum</span> <span class='ocrx_word' id='word_1_40' title='bbox 553 960 672 1021; x_wconf 91' lang='lat' dir='ltr'>dieunt</span> <span class='ocrx_word' id='word_1_41' title='bbox 696 959 800 1040; x_wconf 87' lang='lat' dir='ltr'>aliqui</span> <span class='ocrx_word' id='word_1_42' title='bbox 826 960 918 1039; x_wconf 87' lang='lat' dir='ltr'>quod</span> <span class='ocrx_word' id='word_1_43' title='bbox 951 959 1080 1020; x_wconf 92' lang='lat' dir='ltr'>nullum</span> <span class='ocrx_word' id='word_1_44' title='bbox 1113 959 1160 1019; x_wconf 93' lang='lat' dir='ltr'>in-</span> 
     </span>
     <span class='ocr_line' id='line_1_8' title="bbox 196 1065 1161 1146; baseline 0 -21"><span class='ocrx_word' id='word_1_45' title='bbox 196 1067 406 1126; x_wconf 76' lang='lat' dir='ltr'>conveniens</span> <span class='ocrx_word' id='word_1_46' title='bbox 430 1077 482 1127; x_wconf 89' lang='lat' dir='ltr'>est</span> <span class='ocrx_word' id='word_1_47' title='bbox 506 1068 731 1146; x_wconf 84' lang='lat' dir='ltr'>quantitatem</span> <span class='ocrx_word' id='word_1_48' title='bbox 755 1085 831 1127; x_wconf 87' lang='lat' dir='ltr'>esse</span> <span class='ocrx_word' id='word_1_49' title='bbox 854 1066 1032 1132; x_wconf 87' lang='lat' dir='ltr'>infinitam,</span> <span class='ocrx_word' id='word_1_50' title='bbox 1056 1065 1111 1126; x_wconf 84' lang='lat' dir='ltr'>vel</span> <span class='ocrx_word' id='word_1_51' title='bbox 1124 1065 1161 1126; x_wconf 94' lang='lat' dir='ltr'>li·</span> 
     </span>
     <span class='ocr_line' id='line_1_9' title="bbox 197 1171 1158 1254; baseline 0 -22"><span class='ocrx_word' id='word_1_52' title='bbox 197 1191 296 1233; x_wconf 90' lang='lat' dir='ltr'>neam</span> <span class='ocrx_word' id='word_1_53' title='bbox 331 1171 513 1244; x_wconf 89' lang='lat' dir='ltr'>infinitam;</span> <span class='ocrx_word' id='word_1_54' title='bbox 547 1174 608 1235; x_wconf 93' lang='lat' dir='ltr'>sed</span> <span class='ocrx_word' id='word_1_55' title='bbox 642 1174 707 1234; x_wconf 87' lang='lat' dir='ltr'>hoe</span> <span class='ocrx_word' id='word_1_56' title='bbox 741 1173 968 1254; x_wconf 89' lang='lat' dir='ltr'>improbatum</span> <span class='ocrx_word' id='word_1_57' title='bbox 1000 1172 1064 1235; x_wconf 88' lang='lat' dir='ltr'>fuit</span> <span class='ocrx_word' id='word_1_58' title='bbox 1087 1173 1158 1232; x_wconf 83' lang='lat' dir='ltr'>Lib.</span> 
     </span>
     <span class='ocr_line' id='line_1_10' title="bbox 197 1278 1161 1360; baseline 0.004 -23"><span class='ocrx_word' id='word_1_59' title='bbox 197 1281 317 1339; x_wconf 73' lang='lat' dir='ltr'>r.ui1&#39;st.</span> <span class='ocrx_word' id='word_1_60' title='bbox 342 1299 416 1354; x_wconf 82' lang='lat'><em>42.‚·</em></span> <span class='ocrx_word' id='word_1_61' title='bbox 454 1280 531 1340; x_wconf 89' lang='lat' dir='ltr'>ideo</span> <span class='ocrx_word' id='word_1_62' title='bbox 554 1281 630 1341; x_wconf 87' lang='lat' dir='ltr'>dico</span> <span class='ocrx_word' id='word_1_63' title='bbox 654 1282 746 1360; x_wconf 90' lang='lat' dir='ltr'>quod</span> <span class='ocrx_word' id='word_1_64' title='bbox 770 1281 900 1360; x_wconf 87' lang='lat' dir='ltr'>aliquid</span> <span class='ocrx_word' id='word_1_65' title='bbox 923 1278 1011 1341; x_wconf 88' lang='lat' dir='ltr'>finiri</span> <span class='ocrx_word' id='word_1_66' title='bbox 1046 1291 1161 1360; x_wconf 89' lang='lat' dir='ltr'>potest</span> 
     </span>
     <span class='ocr_line' id='line_1_11' title="bbox 196 1386 1161 1468; baseline 0.001 -22"><span class='ocrx_word' id='word_1_67' title='bbox 196 1407 217 1446; x_wconf 89' lang='lat' dir='ltr'>a</span> <span class='ocrx_word' id='word_1_68' title='bbox 239 1387 386 1447; x_wconf 87' lang='lat' dir='ltr'>termino</span> <span class='ocrx_word' id='word_1_69' title='bbox 406 1388 591 1448; x_wconf 87' lang='lat' dir='ltr'>intrinseco</span> <span class='ocrx_word' id='word_1_70' title='bbox 620 1386 675 1447; x_wconf 88' lang='lat' dir='ltr'>vel</span> <span class='ocrx_word' id='word_1_71' title='bbox 710 1389 924 1458; x_wconf 85' lang='lat' dir='ltr'>extrinseco;</span> <span class='ocrx_word' id='word_1_72' title='bbox 949 1406 1033 1468; x_wconf 83' lang='lat' dir='ltr'>ergo</span> <span class='ocrx_word' id='word_1_73' title='bbox 1056 1407 1161 1467; x_wconf 90' lang='lat' dir='ltr'>quan·</span> 
     </span>
     <span class='ocr_line' id='line_1_12' title="bbox 196 1491 1158 1574; baseline 0.002 -22"><span class='ocrx_word' id='word_1_74' title='bbox 196 1493 278 1553; x_wconf 90' lang='lat' dir='ltr'>titas</span> <span class='ocrx_word' id='word_1_75' title='bbox 302 1492 361 1553; x_wconf 91' lang='lat' dir='ltr'>illa</span> <span class='ocrx_word' id='word_1_76' title='bbox 384 1495 458 1554; x_wconf 85' lang='lat' dir='ltr'>sive</span> <span class='ocrx_word' id='word_1_77' title='bbox 492 1491 614 1574; x_wconf 86' lang='lat' dir='ltr'>figura,</span> <span class='ocrx_word' id='word_1_78' title='bbox 651 1496 725 1555; x_wconf 89' lang='lat' dir='ltr'>sive</span> <span class='ocrx_word' id='word_1_79' title='bbox 759 1495 859 1563; x_wconf 82' lang='lat' dir='ltr'>linea,</span> <span class='ocrx_word' id='word_1_80' title='bbox 892 1497 966 1555; x_wconf 91' lang='lat' dir='ltr'>sive</span> <span class='ocrx_word' id='word_1_81' title='bbox 1000 1503 1158 1574; x_wconf 80' lang='lat' dir='ltr'>punctus,</span> 
     </span>
     <span class='ocr_line' id='line_1_13' title="bbox 196 1597 1160 1668; baseline 0.002 -9"><span class='ocrx_word' id='word_1_82' title='bbox 196 1598 276 1659; x_wconf 86' lang='lat' dir='ltr'>licet</span> <span class='ocrx_word' id='word_1_83' title='bbox 300 1618 366 1660; x_wconf 90' lang='lat' dir='ltr'>non</span> <span class='ocrx_word' id='word_1_84' title='bbox 402 1597 557 1660; x_wconf 85' lang='lat' dir='ltr'>finiretur</span> <span class='ocrx_word' id='word_1_85' title='bbox 591 1603 738 1661; x_wconf 91' lang='lat' dir='ltr'>termino</span> <span class='ocrx_word' id='word_1_86' title='bbox 772 1601 975 1668; x_wconf 85' lang='lat' dir='ltr'>extrinseco,</span> <span class='ocrx_word' id='word_1_87' title='bbox 1005 1599 1160 1662; x_wconf 89' lang='lat' dir='ltr'>finiretur</span> 
     </span>
     <span class='ocr_line' id='line_1_14' title="bbox 195 1708 699 1768; baseline 0.002 -2"><span class='ocrx_word' id='word_1_88' title='bbox 195 1715 309 1767; x_wconf 88' lang='lat' dir='ltr'>tamen</span> <span class='ocrx_word' id='word_1_89' title='bbox 334 1708 480 1768; x_wconf 84' lang='lat' dir='ltr'>termino</span> <span class='ocrx_word' id='word_1_90' title='bbox 504 1709 699 1768; x_wconf 87' lang='lat' dir='ltr'>intrinseco.</span> 
     </span>
    </p>

    <p class='ocr_par' dir='ltr' id='par_1_4' title="bbox 194 1813 1159 2745">
     <span class='ocr_line' id='line_1_15' title="bbox 285 1813 1159 1894; baseline 0.003 -22"><span class='ocrx_word' id='word_1_91' title='bbox 285 1813 341 1872; x_wconf 72' lang='lat' dir='ltr'>,ir</span> <span class='ocrx_word' id='word_1_92' title='bbox 360 1815 488 1873; x_wconf 82' lang='lat' dir='ltr'>tertium</span> <span class='ocrx_word' id='word_1_93' title='bbox 512 1813 589 1875; x_wconf 88' lang='lat' dir='ltr'>dico</span> <span class='ocrx_word' id='word_1_94' title='bbox 614 1814 706 1893; x_wconf 89' lang='lat' dir='ltr'>quod</span> <span class='ocrx_word' id='word_1_95' title='bbox 731 1814 934 1875; x_wconf 88' lang='lat' dir='ltr'>inhaerentia</span> <span class='ocrx_word' id='word_1_96' title='bbox 949 1833 1016 1875; x_wconf 93' lang='lat' dir='ltr'>non</span> <span class='ocrx_word' id='word_1_97' title='bbox 1029 1824 1082 1875; x_wconf 88' lang='lat' dir='ltr'>est</span> <span class='ocrx_word' id='word_1_98' title='bbox 1096 1833 1159 1894; x_wconf 83' lang='lat' dir='ltr'>per</span> 
     </span>
     <span class='ocr_line' id='line_1_16' title="bbox 195 1919 1158 2001; baseline 0.003 -23"><span class='ocrx_word' id='word_1_99' title='bbox 195 1937 232 1979; x_wconf 91' lang='lat' dir='ltr'>se</span> <span class='ocrx_word' id='word_1_100' title='bbox 256 1921 372 1997; x_wconf 84' lang='lat' dir='ltr'>passio</span> <span class='ocrx_word' id='word_1_101' title='bbox 396 1919 575 1990; x_wconf 84' lang='lat' dir='ltr'>albedinis,</span> <span class='ocrx_word' id='word_1_102' title='bbox 602 1920 663 1980; x_wconf 91' lang='lat' dir='ltr'>sed</span> <span class='ocrx_word' id='word_1_103' title='bbox 674 1929 728 1982; x_wconf 86' lang='lat' dir='ltr'>est</span> <span class='ocrx_word' id='word_1_104' title='bbox 739 1921 907 1991; x_wconf 88' lang='lat' dir='ltr'>accidens,</span> <span class='ocrx_word' id='word_1_105' title='bbox 924 1940 986 2001; x_wconf 92' lang='lat' dir='ltr'>per</span> <span class='ocrx_word' id='word_1_106' title='bbox 1001 1921 1158 1981; x_wconf 88' lang='lat' dir='ltr'>accidens</span> 
     </span>
     <span class='ocr_line' id='line_1_17' title="bbox 194 2026 1158 2109; baseline 0.004 -25"><span class='ocrx_word' id='word_1_107' title='bbox 194 2035 247 2085; x_wconf 88' lang='lat' dir='ltr'>est</span> <span class='ocrx_word' id='word_1_108' title='bbox 271 2026 360 2085; x_wconf 86' lang='lat' dir='ltr'>enim</span> <span class='ocrx_word' id='word_1_109' title='bbox 379 2026 583 2088; x_wconf 84' lang='lat' dir='ltr'>inhaerentia</span> <span class='ocrx_word' id='word_1_110' title='bbox 595 2027 733 2109; x_wconf 90' lang='lat' dir='ltr'>quidam</span> <span class='ocrx_word' id='word_1_111' title='bbox 751 2036 926 2107; x_wconf 87' lang='lat' dir='ltr'>respectus</span> <span class='ocrx_word' id='word_1_112' title='bbox 943 2028 1158 2088; x_wconf 89' lang='lat' dir='ltr'>extrinsecus</span> 
     </span>
     <span class='ocr_line' id='line_1_18' title="bbox 194 2133 1156 2204; baseline 0.002 -11"><span class='ocrx_word' id='word_1_113' title='bbox 194 2133 392 2203; x_wconf 88' lang='lat' dir='ltr'>adveniens,</span> <span class='ocrx_word' id='word_1_114' title='bbox 428 2143 461 2194; x_wconf 88' lang='lat' dir='ltr'>et</span> <span class='ocrx_word' id='word_1_115' title='bbox 496 2135 606 2195; x_wconf 87' lang='lat' dir='ltr'>adhuc</span> <span class='ocrx_word' id='word_1_116' title='bbox 641 2136 755 2197; x_wconf 91' lang='lat' dir='ltr'>minus</span> <span class='ocrx_word' id='word_1_117' title='bbox 789 2135 953 2196; x_wconf 85' lang='lat' dir='ltr'>accidenti</span> <span class='ocrx_word' id='word_1_118' title='bbox 989 2135 1156 2204; x_wconf 86' lang='lat' dir='ltr'>absolut0.</span> 
     </span>
     <span class='ocr_line' id='line_1_19' title="bbox 194 2240 1156 2319; baseline 0.002 -20"><span class='ocrx_word' id='word_1_119' title='bbox 194 2240 276 2319; x_wconf 90' lang='lat' dir='ltr'>quia</span> <span class='ocrx_word' id='word_1_120' title='bbox 299 2240 381 2301; x_wconf 91' lang='lat' dir='ltr'>dicit</span> <span class='ocrx_word' id='word_1_121' title='bbox 405 2241 571 2302; x_wconf 85' lang='lat' dir='ltr'>actualem</span> <span class='ocrx_word' id='word_1_122' title='bbox 596 2242 758 2303; x_wconf 91' lang='lat' dir='ltr'>unionem</span> <span class='ocrx_word' id='word_1_123' title='bbox 783 2241 876 2303; x_wconf 93' lang='lat' dir='ltr'>illius</span> <span class='ocrx_word' id='word_1_124' title='bbox 899 2241 1046 2303; x_wconf 88' lang='lat' dir='ltr'>absoluti</span> <span class='ocrx_word' id='word_1_125' title='bbox 1078 2260 1156 2302; x_wconf 92' lang='lat' dir='ltr'>cum</span> 
     </span>
     <span class='ocr_line' id='line_1_20' title="bbox 194 2345 1156 2418; baseline 0.003 -13"><span class='ocrx_word' id='word_1_126' title='bbox 194 2345 255 2406; x_wconf 89' lang='lat' dir='ltr'>illo</span> <span class='ocrx_word' id='word_1_127' title='bbox 279 2346 450 2418; x_wconf 89' lang='lat' dir='ltr'>absoluto;</span> <span class='ocrx_word' id='word_1_128' title='bbox 476 2349 588 2408; x_wconf 88' lang='lat' dir='ltr'>omnis</span> <span class='ocrx_word' id='word_1_129' title='bbox 612 2350 703 2409; x_wconf 90' lang='lat' dir='ltr'>enim</span> <span class='ocrx_word' id='word_1_130' title='bbox 728 2350 809 2410; x_wconf 91' lang='lat' dir='ltr'>unio</span> <span class='ocrx_word' id='word_1_131' title='bbox 833 2348 979 2409; x_wconf 88' lang='lat' dir='ltr'>absoluti</span> <span class='ocrx_word' id='word_1_132' title='bbox 1004 2348 1047 2409; x_wconf 90' lang='lat' dir='ltr'>ad</span> <span class='ocrx_word' id='word_1_133' title='bbox 1063 2347 1156 2409; x_wconf 88' lang='lat' dir='ltr'>aliud</span> 
     </span>
     <span class='ocr_line' id='line_1_21' title="bbox 194 2451 1155 2533; baseline 0.004 -22"><span class='ocrx_word' id='word_1_134' title='bbox 194 2451 389 2513; x_wconf 86' lang='lat' dir='ltr'>absolutum</span> <span class='ocrx_word' id='word_1_135' title='bbox 414 2463 467 2514; x_wconf 86' lang='lat' dir='ltr'>est</span> <span class='ocrx_word' id='word_1_136' title='bbox 490 2466 667 2533; x_wconf 87' lang='lat' dir='ltr'>respectus</span> <span class='ocrx_word' id='word_1_137' title='bbox 706 2456 920 2515; x_wconf 85' lang='lat' dir='ltr'>extrinsecus</span> <span class='ocrx_word' id='word_1_138' title='bbox 958 2454 1155 2522; x_wconf 85' lang='lat' dir='ltr'>adveniens.</span> 
     </span>
     <span class='ocr_line' id='line_1_22' title="bbox 194 2559 1158 2641; baseline 0.003 -23"><span class='ocrx_word' id='word_1_139' title='bbox 194 2568 228 2618; x_wconf 88' lang='lat' dir='ltr'>et</span> <span class='ocrx_word' id='word_1_140' title='bbox 252 2561 364 2620; x_wconf 90' lang='lat' dir='ltr'>omnis</span> <span class='ocrx_word' id='word_1_141' title='bbox 387 2559 467 2621; x_wconf 88' lang='lat' dir='ltr'>talis</span> <span class='ocrx_word' id='word_1_142' title='bbox 491 2570 668 2641; x_wconf 85' lang='lat' dir='ltr'>respectus</span> <span class='ocrx_word' id='word_1_143' title='bbox 692 2571 744 2621; x_wconf 90' lang='lat' dir='ltr'>est</span> <span class='ocrx_word' id='word_1_144' title='bbox 768 2560 816 2621; x_wconf 90' lang='lat' dir='ltr'>illi</span> <span class='ocrx_word' id='word_1_145' title='bbox 842 2562 895 2623; x_wconf 86' lang='lat' dir='ltr'>eui</span> <span class='ocrx_word' id='word_1_146' title='bbox 924 2560 1055 2630; x_wconf 90' lang='lat' dir='ltr'>accidit,</span> <span class='ocrx_word' id='word_1_147' title='bbox 1073 2563 1158 2621; x_wconf 87' lang='lat' dir='ltr'>acci·</span> 
     </span>
     <span class='ocr_line' id='line_1_23' title="bbox 194 2664 554 2745; baseline 0.008 -21"><span class='ocrx_word' id='word_1_148' title='bbox 194 2664 279 2725; x_wconf 90' lang='lat' dir='ltr'>dens</span> <span class='ocrx_word' id='word_1_149' title='bbox 303 2685 364 2745; x_wconf 87' lang='lat' dir='ltr'>per</span> <span class='ocrx_word' id='word_1_150' title='bbox 388 2666 554 2727; x_wconf 86' lang='lat' dir='ltr'>accidens.</span> 
     </span>
    </p>

    <p class='ocr_par' dir='ltr' id='par_1_5' title="bbox 186 2772 1157 3598">
     <span class='ocr_line' id='line_1_24' title="bbox 283 2772 1156 2854; baseline 0.003 -24"><span class='ocrx_word' id='word_1_151' title='bbox 283 2773 339 2831; x_wconf 78' lang='lat' dir='ltr'>Ad</span> <span class='ocrx_word' id='word_1_152' title='bbox 359 2779 506 2850; x_wconf 83' lang='lat' dir='ltr'>quartum</span> <span class='ocrx_word' id='word_1_153' title='bbox 532 2772 608 2833; x_wconf 88' lang='lat' dir='ltr'>dico</span> <span class='ocrx_word' id='word_1_154' title='bbox 633 2774 724 2851; x_wconf 90' lang='lat' dir='ltr'>quod</span> <span class='ocrx_word' id='word_1_155' title='bbox 743 2776 838 2850; x_wconf 84' lang='lat' dir='ltr'>prius</span> <span class='ocrx_word' id='word_1_156' title='bbox 862 2784 895 2834; x_wconf 93' lang='lat' dir='ltr'>et</span> <span class='ocrx_word' id='word_1_157' title='bbox 913 2777 1070 2852; x_wconf 75' lang='lat' dir='ltr'>posterius</span> <span class='ocrx_word' id='word_1_158' title='bbox 1080 2792 1156 2854; x_wconf 86' lang='lat' dir='ltr'>pos·</span> 
     </span>
     <span class='ocr_line' id='line_1_25' title="bbox 194 2878 1155 2958; baseline 0.004 -21"><span class='ocrx_word' id='word_1_159' title='bbox 194 2886 274 2938; x_wconf 87' lang='lat' dir='ltr'>sunt</span> <span class='ocrx_word' id='word_1_160' title='bbox 299 2878 445 2958; x_wconf 83' lang='lat' dir='ltr'>intelligi</span> <span class='ocrx_word' id='word_1_161' title='bbox 471 2879 526 2939; x_wconf 88' lang='lat' dir='ltr'>vel</span> <span class='ocrx_word' id='word_1_162' title='bbox 551 2880 738 2941; x_wconf 89' lang='lat' dir='ltr'>secundum</span> <span class='ocrx_word' id='word_1_163' title='bbox 762 2887 863 2939; x_wconf 85' lang='lat' dir='ltr'>actum</span> <span class='ocrx_word' id='word_1_164' title='bbox 888 2881 944 2941; x_wconf 87' lang='lat' dir='ltr'>vel</span> <span class='ocrx_word' id='word_1_165' title='bbox 969 2880 1155 2941; x_wconf 89' lang='lat' dir='ltr'>secundum</span> 
     </span>
     <span class='ocr_line' id='line_1_26' title="bbox 193 2984 1157 3065; baseline 0.007 -24"><span class='ocrx_word' id='word_1_166' title='bbox 193 2984 408 3060; x_wconf 70' lang='lat' dir='ltr'>aptitudinem.</span> <span class='ocrx_word' id='word_1_167' title='bbox 435 2984 471 3045; x_wconf 75' lang='lat' dir='ltr'>Si</span> <span class='ocrx_word' id='word_1_168' title='bbox 498 2995 611 3046; x_wconf 91' lang='lat' dir='ltr'>autem</span> <span class='ocrx_word' id='word_1_169' title='bbox 637 2988 785 3065; x_wconf 88' lang='lat' dir='ltr'>accipias</span> <span class='ocrx_word' id='word_1_170' title='bbox 820 2984 1043 3054; x_wconf 85' lang='lat' dir='ltr'>uniformiter,</span> <span class='ocrx_word' id='word_1_171' title='bbox 1079 3006 1157 3048; x_wconf 87' lang='lat' dir='ltr'>con·</span> 
     </span>
     <span class='ocr_line' id='line_1_27' title="bbox 193 3091 1156 3174; baseline 0.005 -24"><span class='ocrx_word' id='word_1_172' title='bbox 193 3091 277 3151; x_wconf 88' lang='lat' dir='ltr'>cedo</span> <span class='ocrx_word' id='word_1_173' title='bbox 301 3091 393 3169; x_wconf 91' lang='lat' dir='ltr'>quod</span> <span class='ocrx_word' id='word_1_174' title='bbox 411 3095 568 3169; x_wconf 74' lang='lat' dir='ltr'>posterius</span> <span class='ocrx_word' id='word_1_175' title='bbox 599 3092 799 3153; x_wconf 83' lang='lat' dir='ltr'>naturaliter</span> <span class='ocrx_word' id='word_1_176' title='bbox 833 3113 901 3154; x_wconf 90' lang='lat' dir='ltr'>nou</span> <span class='ocrx_word' id='word_1_177' title='bbox 935 3103 1048 3174; x_wconf 88' lang='lat' dir='ltr'>potest</span> <span class='ocrx_word' id='word_1_178' title='bbox 1079 3113 1156 3155; x_wconf 88' lang='lat' dir='ltr'>esse</span> 
     </span>
     <span class='ocr_line' id='line_1_28' title="bbox 193 3197 1155 3281; baseline 0.005 -25"><span class='ocrx_word' id='word_1_179' title='bbox 193 3198 267 3257; x_wconf 88' lang='lat' dir='ltr'>sine</span> <span class='ocrx_word' id='word_1_180' title='bbox 285 3200 411 3274; x_wconf 78' lang='lat' dir='ltr'>priori:</span> <span class='ocrx_word' id='word_1_181' title='bbox 435 3197 494 3258; x_wconf 88' lang='lat' dir='ltr'>sed</span> <span class='ocrx_word' id='word_1_182' title='bbox 517 3197 583 3258; x_wconf 89' lang='lat' dir='ltr'>hoc</span> <span class='ocrx_word' id='word_1_183' title='bbox 609 3218 676 3259; x_wconf 89' lang='lat' dir='ltr'>non</span> <span class='ocrx_word' id='word_1_184' title='bbox 701 3209 754 3260; x_wconf 89' lang='lat' dir='ltr'>est</span> <span class='ocrx_word' id='word_1_185' title='bbox 788 3220 906 3261; x_wconf 87' lang='lat' dir='ltr'>verum</span> <span class='ocrx_word' id='word_1_186' title='bbox 942 3202 970 3261; x_wconf 93' lang='lat' dir='ltr'>si</span> <span class='ocrx_word' id='word_1_187' title='bbox 1007 3201 1155 3281; x_wconf 86' lang='lat' dir='ltr'>accipias</span> 
     </span>
     <span class='ocr_line' id='line_1_29' title="bbox 186 3304 1154 3384; baseline 0.006 -23"><span class='ocrx_word' id='word_1_188' title='bbox 186 3306 345 3381; x_wconf 82' lang='lat' dir='ltr'>posterius</span> <span class='ocrx_word' id='word_1_189' title='bbox 368 3304 568 3364; x_wconf 85' lang='lat' dir='ltr'>naturaliter</span> <span class='ocrx_word' id='word_1_190' title='bbox 607 3307 793 3367; x_wconf 80' lang='lat' dir='ltr'>secundum</span> <span class='ocrx_word' id='word_1_191' title='bbox 824 3308 1048 3384; x_wconf 76' lang='lat' dir='ltr'>aptitudinem:</span> <span class='ocrx_word' id='word_1_192' title='bbox 1087 3325 1154 3367; x_wconf 90' lang='lat' dir='ltr'>non</span> 
     </span>
     <span class='ocr_line' id='line_1_30' title="bbox 193 3410 1156 3490; baseline 0.003 -21"><span class='ocrx_word' id='word_1_193' title='bbox 193 3410 284 3471; x_wconf 85' lang='lat' dir='ltr'>enim</span> <span class='ocrx_word' id='word_1_194' title='bbox 308 3420 422 3490; x_wconf 89' lang='lat' dir='ltr'>potest</span> <span class='ocrx_word' id='word_1_195' title='bbox 445 3430 521 3471; x_wconf 89' lang='lat' dir='ltr'>esse</span> <span class='ocrx_word' id='word_1_196' title='bbox 545 3412 619 3472; x_wconf 81' lang='lat' dir='ltr'>sine</span> <span class='ocrx_word' id='word_1_197' title='bbox 637 3414 746 3489; x_wconf 86' lang='lat' dir='ltr'>priori</span> <span class='ocrx_word' id='word_1_198' title='bbox 767 3413 953 3474; x_wconf 86' lang='lat' dir='ltr'>secundum</span> <span class='ocrx_word' id='word_1_199' title='bbox 979 3420 1091 3479; x_wconf 84' lang='lat' dir='ltr'>actum,</span> <span class='ocrx_word' id='word_1_200' title='bbox 1112 3414 1156 3473; x_wconf 91' lang='lat' dir='ltr'>si·</span> 
     </span>
     <span class='ocr_line' id='line_1_31' title="bbox 192 3518 595 3598; baseline 0.005 -23"><span class='ocrx_word' id='word_1_201' title='bbox 192 3526 251 3576; x_wconf 88' lang='lat' dir='ltr'>cut</span> <span class='ocrx_word' id='word_1_202' title='bbox 274 3527 325 3576; x_wconf 89' lang='lat' dir='ltr'>est</span> <span class='ocrx_word' id='word_1_203' title='bbox 350 3518 383 3577; x_wconf 92' lang='lat' dir='ltr'>in</span> <span class='ocrx_word' id='word_1_204' title='bbox 408 3520 595 3598; x_wconf 84' lang='lat' dir='ltr'>proposito.</span> 
     </span>
    </p>
   </div>
   <div class='ocr_carea' id='block_1_3' title="bbox 0 0 1304 4200">
    <p class='ocr_par' dir='ltr' id='par_1_6' title="bbox 0 0 1304 4200">
     <span class='ocr_line' id='line_1_32' title="bbox 0 0 1304 4200; baseline 0 2"><span class='ocrx_word' id='word_1_205' title='bbox 0 0 1304 4200; x_wconf 95' lang='lat' dir='ltr'> </span> 
     </span>
    </p>
   </div>
  </div>
 </body>
</html>
