2600 4200
396 231 585 294 Drsarnca.
611 231 663 293 VI
688 231 840 312 QoAEsr.
866 232 918 294 IV
1070 239 1110 312 85

175 400 350 462 character
374 420 441 462 non
465 411 579 482 potest
610 421 686 462 esse
718 403 753 463 in
788 403 903 482 aliquo
938 405 1138 483 susceptivo

175 509 356 586 posteriori
381 509 456 588 ipsa
479 511 627 569 essentia
652 509 783 570 animae.
817 506 885 571 Sed
920 528 981 589 per
1015 519 1049 570 te
1079 528 1139 589 po-

176 615 284 676 tentia
306 615 430 675 animae
464 624 518 676 est
551 616 721 694 posterior
757 616 830 696 ejus
864 618 1023 687 essentia,
1055 618 1140 697 quia

175 723 276 802 ponis
300 721 392 801 quod
415 730 468 782 est
492 721 649 782 accidens
673 723 760 802 ejus;
787 723 894 803 igitur
911 733 944 783 et
960 724 1139 785 character

176 847 243 889 non
268 829 379 889 estin
403 830 557 909 potentia
581 828 720 900 animae;
744 848 839 910 ergo,
864 839 927 890 etc.

267 934 408 998 Tertia
431 934 575 1013 opinio
597 943 650 996 est
686 935 778 1014 quod
809 936 984 997 character
1015 937 1140 1016 princi·

176 1041 299 1121 paliter
322 1052 375 1102 est
399 1042 433 1103 in
449 1040 652 1111 ,voluntate
689 1043 770 1122 quia
803 1042 985 1123 dispositio
1016 1053 1068 1103 est
1100 1044 1137 1103 in

176 1149 295 1210 eodem
319 1149 472 1228 subjecto
495 1167 572 1209 cum
589 1145 699 1211 forma
715 1148 757 1209 ad
773 1168 875 1228 quam
891 1149 1057 1229 disponit;
1075 1148 1137 1210 sed

176 1256 350 1317 character
373 1256 525 1335 disponit
549 1255 592 1315 ad
616 1257 774 1336 gratiam,
809 1266 843 1316 θῖ
874 1257 987 1337 gratia
1016 1266 1069 1316 est
1100 1257 1137 1317 in

177 1363 363 1432 voluntate,
388 1371 426 1422 ut
449 1362 560 1442 patuit
585 1361 656 1421 Lib.
681 1380 710 1422 2.
735 1362 763 1422 d.
789 1368 861 1431 26.,·
884 1381 969 1444 ergo
996 1371 1030 1423 et
1060 1362 1139 1423 cha·

177 1477 287 1530 racter
310 1477 363 1530 est
386 1469 420 1529 in
445 1468 632 1530 voluntate.

266 1573 336 1637 Sed
360 1573 420 1636 illa
442 1576 529 1636 ratio
553 1572 640 1636 forte
665 1574 857 1636 solveretur
879 1577 969 1636 sicut
994 1573 1059 1637 fuit
1085 1595 1140 1636 so·

175 1682 249 1742 luta
273 1682 422 1744 secunda
444 1683 531 1743 ratio
554 1683 676 1762 primae
700 1682 882 1761 opinionis.

266 1787 337 1848 Ideo
359 1790 423 1847 alz'o
445 1789 532 1848 modo
555 1790 715 1866 arguitur,
744 1797 778 1849 et
793 1787 935 1849 hocsic:
952 1786 1139 1850 Character

177 1903 229 1955 est
253 1895 391 1976 signum
416 1894 472 1955 vel
505 1891 764 1956 fundamentum
799 1895 976 1975 cuiusdam
1007 1894 1140 1976 ohliga-

177 2002 281 2062 tionis
305 2002 427 2062 animae
450 2001 493 2062 ad
516 2001 643 2074 Deum;
670 2002 777 2082 igitur
793 2010 847 2062 est
862 2001 1028 2063 rationale
1044 2001 1138 2081 quod

177 2117 324 2189 ponatur
348 2110 382 2170 in
407 2108 467 2170 illa
489 2110 644 2190 potentia
667 2128 728 2189 per
751 2128 853 2189 quarn
882 2110 985 2175 homo
1016 2110 1140 2189 princi·

176 2215 299 2295 paliter
322 2215 498 2297 obligatur
519 2215 604 2277 De0.
624 2212 693 2277 Sed
710 2214 770 2276 illa
785 2218 940 2295 potentia
954 2226 1007 2276 est
1019 2216 1139 2276 volun-

177 2333 240 2393 tas,
266 2323 346 2403 quia
370 2322 558 2383 voluntatis
581 2331 634 2383 est
657 2323 768 2402 primo
792 2325 911 2383 mereri
941 2323 997 2383 vel
1027 2322 1140 2383 derne·

177 2431 258 2502 reri;
283 2430 391 2511 igitur
414 2430 588 2491 character
611 2439 665 2490 est
689 2431 723 2490 in
748 2429 935 2492 voluntate.

266 2588 328 2651 Ao
367 2602 641 2652 ARGUMENTUM
680 2604 721 2650 nr
760 2602 1017 2651 concretarum
1059 2590 1139 2651 dico

177 2696 269 2777 quod
293 2696 473 2781 dispositio
497 2707 550 2757 est
584 2697 724 2776 duplex,
760 2696 891 2758 scilicet
917 2699 1073 2774 proxima
1103 2705 1138 2758 et

179 2810 305 2863 remota.
331 2802 440 2880 Major
463 2813 576 2864 autem
600 2814 653 2864 est
665 2823 747 2864 vera
763 2803 805 2865 de
821 2804 1046 2883 dispositione
1062 2801 1140 2883 pro'·

178 2911 281 2980 xima,
295 2909 355 2971 sed
372 2929 439 2971 non
452 2910 494 2972 de
509 2910 736 2991 dispositione
748 2919 887 2971 remota.
905 2910 1006 2971 Nunc
1023 2920 1137 2971 autem
1186 2977 1190 2985 ,

132 3090 133 3093 ¹
177 3017 351 3078 character
375 3036 443 3078 non
467 3026 520 3078 est
550 3017 731 3097 dispositio
767 3018 925 3097 proxima
959 3017 1001 3077 ad
1035 3014 1137 3077 fidem

177 3133 215 3185 ut
238 3122 323 3185 fides
347 3132 408 3193 est,
434 3124 494 3185 sed
518 3124 560 3185 ad
584 3126 731 3205 gratiam
756 3143 833 3204 quae
866 3133 919 3184 est
953 3126 988 3183 in
1019 3124 1140 3184 volun·

178 3239 257 3299 tate,
283 3241 321 3293 ut
344 3231 472 3292 dictum
498 3241 567 3302 est3
592 3249 677 3311 ergo
701 3241 764 3292 etc.

577 3421 737 3635 tta
