2600 4200
325 254 514 320 Drsnncr.
539 254 689 319 XXXVI
712 254 899 337 Quasnl
1028 271 1090 335 233

140 459 237 521 detur
261 460 346 523 ratio
370 479 471 541 quare
494 481 560 523 non
584 460 687 543 possit
709 481 744 522 se
765 480 917 524 exercere
940 461 991 524 vel
1023 480 1113 523 exer-

140 566 243 628 citare
265 566 352 629 circa
377 587 475 629 unam
501 566 671 629 materiam
695 575 729 629 et
752 587 818 629 non
842 566 927 629 circa
951 566 1059 629 aliam.

212 673 384 746 Praeterea,
408 673 509 735 virtus
532 681 580 735 est
604 672 735 735 habitus
757 672 912 735 electivus
924 672 1113 736 immediate

141 778 288 841 existens
301 779 516 841 determinata
539 788 626 843 recta
638 779 764 841 ratione
786 800 828 841 ex
839 798 870 842 2.
897 778 1035 853 Ethic.;
1056 780 1113 843 sed

143 885 219 947 talis
252 885 479 948 determinatio
502 895 535 949 et
557 884 770 949 conformitas
805 894 913 969 potest
936 907 1006 949 esse
1028 887 1113 949 circa

146 992 318 1055 materiam
354 992 448 1055 unius
482 992 612 1055 virtutis
643 993 768 1074 absque
802 1013 901 1055 omne
936 993 1112 1057 dictamine

145 1108 236 1161 recto
259 1100 345 1162 circa
370 1099 538 1162 materiam
561 1098 693 1161 alterius
716 1098 862 1173 virtutis;
886 1120 976 1181 ergo.

214 1206 383 1279 Praeterea,
419 1206 648 1269 inconveniens
682 1206 844 1287 estquod
875 1206 951 1268 duae
974 1206 1109 1269 virtutes

142 1314 211 1375 sint
234 1313 293 1374 sibi
317 1313 456 1375 invicem
479 1332 587 1375 causae
603 1311 740 1384 essendi,
763 1311 840 1393 quia
853 1321 932 1374 tunc
955 1322 1040 1376 esset
1055 1312 1112 1375 cir·

143 1421 267 1483 culatio
289 1420 322 1482 in
346 1420 459 1494 causis,
483 1418 574 1500 quod
597 1427 646 1480 est
665 1417 905 1497 inconveniens
930 1420 1111 1482 secundum

144 1526 383 1609 Philosophum
407 1526 443 1587 in
466 1525 573 1602 Post.;
598 1525 655 1588 sed
679 1524 704 1587 si
736 1524 873 1587 virtutes
902 1535 1009 1587 essent
1032 1546 1111 1589 con·

144 1654 252 1708 nexae,
278 1642 314 1695 ut
338 1632 430 1715 ponit
452 1631 558 1713 prima
582 1630 702 1713 opinio,
726 1639 806 1693 tunc
837 1641 944 1694 essent
978 1631 1040 1693 sibi
1064 1631 1110 1694 in-

144 1741 250 1803 vicem
289 1758 397 1802 causae
435 1737 586 1813 essendi;
624 1758 715 1819 ergo
751 1736 904 1799 Probatio
942 1738 1080 1799 minoris
1094 1759 1107 1799 .·

146 1866 224 1908 nam
255 1846 280 1908 si
304 1843 461 1907 fortitudo
492 1864 558 1906 non
582 1853 666 1906 esset
689 1842 831 1925 perfecta
853 1843 912 1906 nisi
935 1843 1012 1925 quia
1036 1864 1111 1907 con·

144 1953 320 2015 comitatur
338 1972 411 2015 earn
434 1950 659 2033 temperantia,
672 1958 705 2011 et
728 1949 872 2012 similiter
894 1950 1111 2031 temperantia

145 2078 213 2122 non
251 2068 334 2123 esset
373 2056 514 2142 perfecta
553 2057 612 2120 nisi
647 2055 725 2139 quia
759 2041 999 2120 concomitatur
1023 2043 1110 2120 'eam

145 2165 321 2242 fortitudo;
345 2186 425 2250 ergo
455 2164 672 2246 temperantia
694 2172 744 2227 est
776 2185 875 2227 causa
897 2165 1023 2226 essendi
1047 2163 1109 2226 for-

144 2272 329 2348 titudinem,
353 2281 386 2336 et
409 2270 565 2334 fortitudo
588 2281 637 2333 est
660 2291 758 2333 causa
780 2270 905 2332 essendi
929 2280 1111 2352 temperan-

146 2379 237 2441 tiam.

213 2487 383 2559 Praeterea,
407 2484 440 2547 in
463 2483 637 2546 virtutibus
654 2484 831 2546 moralibus
854 2483 959 2564 major
982 2483 1110 2546 videtur

145 2592 310 2656 connexio
333 2592 415 2654 inter
438 2589 560 2672 species
583 2589 732 2671 ejusdem
755 2589 883 2672 generis
905 2609 1005 2672 quam
1027 2589 1110 2653 inter

144 2700 214 2762 duo
248 2718 377 2782 genera,
400 2705 434 2760 et
457 2697 520 2760 hoc
554 2695 627 2758 ideo
650 2695 729 2777 quia
751 2695 896 2759 materiae
927 2696 1109 2779 specierum

144 2806 292 2887 ejusdem
328 2804 454 2888 generis
477 2811 554 2866 sunt
588 2802 695 2885 magis
724 2822 885 2865 connexae
916 2823 1018 2884 quam
1041 2823 1111 2885 spe-

144 2911 210 2975 cies
224 2911 366 2974 duorum
390 2928 566 2994 generum;
590 2909 647 2971 sed
671 2908 793 2990 species
812 2908 960 2989 ejusdem
984 2907 1110 2991 generis

144 3017 273 3082 virtutis
296 3037 361 3080 non
384 3024 461 3079 sunt
491 3033 662 3088 connexae,
686 3024 768 3096 puta
802 3015 970 3097 virginitas
1001 3023 1034 3076 et
1056 3035 1109 3078 ca·

143 3125 236 3186 stitas
259 3121 458 3205 conjugalis;
481 3141 571 3204 ergo.

211 3230 340 3294 Ultimo
362 3229 510 3311 arguitur
533 3227 595 3291 sic:
619 3227 722 3290 virtus
753 3236 802 3290 est
826 3226 981 3309 perfectio
1005 3227 1110 3290 homi·

144 3338 193 3401 nis
216 3336 361 3420 partiatis
383 3356 450 3398 non
479 3334 597 3406 totalis,
621 3332 699 3396 alias
733 3334 894 3397 sufficeret
917 3355 983 3396 una
1005 3335 1109 3398 virtus

144 3444 293 3520 moralis;
317 3442 375 3505 sed
397 3441 531 3523 quando
554 3449 631 3504 sunt
654 3441 763 3523 piures
798 3439 1011 3523 perfectiones
1034 3461 1108 3522 par-

141 3553 231 3616 tiales
244 3549 392 3631 alicujus,
417 3547 496 3611 illud
509 3555 616 3630 potest
638 3567 708 3610 esse
720 3543 902 3630 perfectum
925 3547 958 3609 in
975 3566 1108 3611 summo

132 3659 334 3724 mundum·
349 3671 451 3718 unam
474 3652 717 3739 perfectionem,
742 3674 809 3717 non
843 3654 994 3717 obstante
1017 3653 1108 3734 quod
