2600 4200
286 216 475 280 Drsrmcr.
498 215 596 278 XVII
621 213 769 296 Quasr.
794 216 824 278 ΙΙ
987 231 1048 295 139

126 441 185 483 esse
214 441 324 484 verum
358 420 538 494 hominem,
569 427 603 483 et
634 419 699 484 hoc
725 419 872 503 tangitur
895 419 992 484 Joau.
1017 439 1072 488 ΙΙ.

127 527 235 590 abiait
256 526 419 592 Christus:
444 527 573 591 Gratias
595 526 654 588 tibi
689 547 764 610 ago,
799 527 953 604 Domine,
989 547 1072 610 quo-

128 633 201 696 niam
222 655 347 717 semper
383 654 436 697 me
465 633 568 699 audis.
608 634 706 697 Nunc
740 644 851 697 autem
887 655 969 716 rogo
1005 655 1072 697 non

128 751 243 822 propter
266 762 319 805 me
340 742 398 804 sed
421 750 554 823 propter
569 740 742 822 populum,
768 749 804 803 ut
831 741 965 804 credant
996 740 1073 822 quia

128 856 225 910 turne
246 849 368 912 misisti.
408 846 534 924 Quarto
567 856 702 930 propter
737 849 970 930 complendum
1006 848 1075 910 offi-

128 955 210 1028 cinm,
221 955 296 1037 quia
317 963 387 1018 erat
409 975 559 1017 summus
571 953 741 1030 Pontifex;
758 955 815 1017 sed
831 955 974 1018 officium
988 974 1076 1016 sum-

129 1061 165 1122 mi
185 1061 343 1125 Pontificis
365 1071 415 1124 est
434 1082 535 1135 orare,
552 1062 640 1124 unde
663 1061 711 1123 ad
732 1060 851 1124 Heba:
868 1061 975 1123 omnis
992 1061 1075 1124 Pon-

128 1166 196 1230 tifex
215 1189 256 1231 ex
279 1167 467 1232 hominibus
490 1178 678 1250 assumptus
701 1188 762 1250 pro
785 1167 972 1230 hominibus
996 1188 1069 1230 con·

127 1274 306 1338 stituiturin
330 1275 478 1358 hisquae
501 1275 643 1338 suntad
669 1275 778 1338 Deum
803 1282 839 1337 ut
862 1274 986 1348 offerat,
1011 1283 1073 1343 etc,

189 1489 408 1575 uuantum
442 1491 508 1556 ad
539 1490 782 1555 seeundum
821 1487 1075 1554 Articulum

125 1594 189 1658 dico
209 1597 295 1678 quod
319 1597 424 1660 oratio
450 1605 500 1659 est
533 1597 652 1658 mentis
682 1595 749 1658 sive
787 1595 963 1658 voluntatis
998 1596 1075 1677 peti-

125 1701 173 1776 tio,
194 1704 342 1766 voluntas
363 1712 476 1765 autem
492 1712 600 1766 creata
613 1700 744 1775 Christi,
758 1710 794 1764 ut
807 1710 897 1784 patet
913 1702 945 1765 in
958 1711 1076 1784 quaest.

126 1811 250 1889 praeced.
273 1810 431 1892 accipitur
454 1809 630 1890 tripliciter,
666 1809 787 1871 scilicet
826 1829 886 1890 pro
908 1809 1077 1871 voluntate

125 1918 267 1979 sensitiva
289 1927 323 1980 et
345 1937 406 2000 pro
426 1917 595 1980 voluntate
617 1915 779 1978 rationali
800 1935 875 1998 quae
911 1925 960 1978 est
984 1926 1075 1977 natu-

125 2023 207 2098 ralis,
232 2034 265 2088 et
291 2045 352 2108 pro
382 2024 552 2086 voluntate
582 2023 743 2085 rationali
771 2043 847 2105 quae
882 2023 1000 2084 dicitur
1024 2023 1076 2084 de-

126 2130 294 2195 liberativa.
320 2130 354 2196 Si
379 2130 543 2213 loquimur
566 2132 610 2193 de
626 2131 742 2211 prima
766 2140 799 2192 et
810 2130 949 2193 sacranda
966 2130 1077 2191 vulan-

127 2239 273 2313 tate,dico
294 2239 386 2321 quod
409 2259 476 2300 non
499 2257 627 2319 semper
651 2236 712 2300 fuit
735 2237 918 2309 exauditus,
933 2238 1008 2318 qnia
1029 2258 1077 2298 sc-

127 2346 257 2408 cundum
281 2347 350 2408 illas
372 2347 557 2407 voluntates
580 2345 696 2406 orabat
719 2344 847 2406 dicens:
873 2346 966 2405 Pater
990 2353 1076 2405 tran-

128 2462 186 2515 seat
204 2474 224 2516 a
246 2475 298 2517 me
321 2453 409 2515 calix
432 2452 500 2526 iste,
524 2462 557 2514 et
579 2461 690 2513 tamen
711 2472 777 2513 non
795 2452 950 2524 transivit,
975 2452 1080 2513 immo

130 2556 204 2622 hunc
223 2561 355 2623 calicem
381 2559 537 2641 passionis
571 2558 662 2621 bibit.
701 2558 734 2621 Si
770 2567 880 2620 autem
904 2558 1078 2639 loquamur

130 2664 163 2727 de
182 2668 273 2730 tertia
296 2667 371 2729 dico
394 2667 484 2747 quod
507 2686 635 2747 semper
660 2663 720 2727 fuit
743 2664 928 2727 exauditus.

184 2880 242 2943 Ao
264 2894 411 2943 amnon
434 2892 651 2942 Pnracnana
676 2879 750 2942 dico
779 2879 870 2959 quod
906 2898 1003 2939 meno
1028 2898 1078 2959 pe-

130 2984 163 3046 tit
181 2988 219 3050 ab
240 2990 303 3051 alio
326 2988 417 3069 quod
441 2995 589 3067 potesta
629 2985 734 3067 seipso
759 2984 887 3058 habere,
919 2986 944 3045 si
976 2985 1082 3045 oratio

129 3100 158 3152 et
175 3095 336 3157 exauditio
360 3102 552 3175 competunt
577 3093 683 3155 eidem
716 3113 863 3173 persona
899 3093 1078 3153 secundnm

128 3201 253 3264 eandem
276 3211 437 3264 naturam.
463 3200 560 3262 Nunc
582 3208 693 3261 autem
729 3198 834 3261 oratio
857 3208 889 3260 et
912 3198 1080 3260 exauditio

129 3324 189 3366 non
222 3316 414 3389 competunt
447 3326 596 3388 personat
636 3304 755 3368 Christi
791 3305 972 3366 secundum
1007 3324 1080 3365 ean-

128 3410 198 3473 dem
220 3423 377 3487 naturam,
402 3413 478 3495 quia
509 3411 614 3473 oratio
637 3411 796 3494 competit
831 3411 858 3472 ei
899 3411 1078 3472 secundum

129 3526 267 3582 naturam
291 3520 482 3595 humanam,
498 3518 668 3583 exauditio
684 3528 793 3581 autem
818 3518 999 3580 secundum
1024 3536 1078 3577 na-

128 3633 229 3687 turam
250 3627 402 3690 divinam.
