2600 4200
332 255 516 324 Drsnucr.
542 259 588 322 111
614 257 760 340 Quasi.
784 259 815 323 11
1011 276 1052 344 37

171 463 230 524 Ad
249 473 409 546 quartum
433 465 559 528 dicatur
572 465 656 528 sicut
678 467 720 527 ad
733 465 892 528 rationem
905 465 1071 528 Bernardi.

171 571 229 631 Ad
249 571 410 633 ultimum
433 572 507 633 dico
530 573 621 653 quod
635 593 723 634 mors
736 592 802 634 non
814 581 863 634 est
886 593 986 654 poena
999 593 1074 654 pec·

111 676 220 748 cati;si
244 678 339 740 enim
363 676 454 740 fieret
477 699 562 740 unus
576 679 678 742 homo
701 681 734 740 in
758 678 848 760 puris
861 679 1072 752 naturalibus,

114 791 142 843 et
151 803 213 846 non
237 783 379 846 haberet
391 793 562 866 peecatum
587 785 756 867 originale,
769 785 880 848 adhuc
890 794 974 848 esset
991 805 1075 848 mor·

113 889 185 962 ulis,
207 901 242 954 et
266 891 335 954 hoc
347 900 437 973 patet
459 892 501 954 de
513 891 643 956 Christo
666 892 722 974 qui
736 893 862 955 nullum
875 892 989 955 habuit
1002 913 1074 974 pec·

112 1004 213 1059 catum
238 1009 273 1060 et
298 1009 411 1061 tamen
436 997 496 1061 fuit
521 999 674 1063 mortalis.

170 1211 230 1273 An
256 1223 405 1274 Pniuuu
430 1225 647 1274 Pnrucrmua
671 1221 761 1293 patet
783 1232 827 1274 ex
852 1211 1025 1293 praedictis.

170 1319 228 1380 Ad
248 1319 429 1380 secuudum
442 1318 516 1381 dico
540 1318 629 1399 quod
643 1319 747 1382 Maria
770 1339 836 1380 non
860 1317 921 1380 fuit
933 1327 1073 1400 purgata

111 1442 163 1503 per
184 1426 393 1486 amotionem
429 1425 577 1496 macuiae,
601 1425 658 1486 sed
682 1425 758 1506 quia
781 1424 842 1487 fuit
878 1435 1073 1506 praeservata

111 1538 141 1592 et
162 1531 189 1592 ei
212 1532 323 1613 gratia
358 1529 471 1593 infusa.
508 1531 607 1593 Unde
631 1531 856 1594 Damascenus
890 1530 967 1593 dicit
1001 1551 1073 1594 eam

111 1647 284 1719 purgatam
311 1657 377 1699 non
401 1659 421 1698 a
444 1647 580 1719 peccato
596 1639 686 1718 quod
710 1637 805 1700 insuit
828 1639 886 1699 sed
907 1647 1074 1720 apeccato

109 1745 195 1824 quod
211 1744 373 1816 infuisset,
390 1744 472 1806 sicut
487 1745 732 1806 matrimonium
749 1754 885 1806 excusat
897 1765 917 1805 a
929 1753 1072 1826 peccato

112 1869 171 1912 non
185 1853 325 1932 quidem
338 1872 357 1912 a
378 1861 513 1932 peccato
525 1851 615 1932 quod
631 1851 715 1922 insit,
728 1852 786 1913 sed
801 1871 820 1912 a
833 1860 967 1932 peccato
983 1852 1074 1933 quod

110 1955 222 2020 inesset
246 1958 272 2020 si
300 1979 367 2020 non
390 1967 473 2020 esset
497 1958 754 2021 matrimonium.

471 2099 648 2183 Quasno
676 2102 717 2163 ll.

431 2242 577 2306 Secundo
600 2244 761 2325 quaeritur

159 2384 271 2438 Utrum
289 2397 393 2451 eorpus
415 2380 522 2437 Christi
548 2382 638 2439 ruerit
665 2384 823 2437 formatum
849 2383 944 2437 subito
972 2382 1016 2439 vei
1044 2383 1075 2439 iu

109 2470 238 2527 Instanti.

172 2600 319 2661 Videtur
342 2600 433 2680 quod
454 2618 528 2671 non,
546 2599 622 2680 quia
638 2600 772 2680 quando
788 2619 831 2659 ex
855 2618 921 2660 uno
934 2597 1075 2680 figurato

110 2702 146 2767 fit
166 2706 261 2767 aliud
285 2704 474 2786 figuratum,
488 2704 550 2767 hoc
567 2724 632 2767 non
646 2703 683 2766 fit
707 2705 764 2766 nisi
782 2725 838 2786 per
855 2713 1001 2780 motum;
1018 2706 1075 2767 sed

110 2810 168 2873 alia
192 2822 245 2874 est
268 2810 375 2892 figura
397 2812 502 2873 camis
525 2812 587 2873 alia
610 2810 716 2893 figura
740 2811 915 2892 sanguinis,
939 2821 973 2873 et
1007 2832 1071 2875 cor-

109 2938 169 2998 pus
182 2918 307 2982 Christi
332 2917 431 2979 fiebat
442 2938 485 2979 ex
508 2918 723 2999 sanguinibus
736 2918 898 2999 Virginis;
922 2938 1001 2999 ergo
1017 2939 1075 2999 per

110 3036 252 3089 motum.
278 3024 343 3087 Sed
368 3034 477 3087 motus
501 3045 566 3086 non
590 3023 627 3086 fit
639 3024 672 3087 iu
685 3025 833 3099 instanti;
857 3044 937 3105 ergo
960 3023 1077 3087 forma·

108 3130 153 3193 tio
177 3132 233 3193 illa
258 3152 324 3193 non
349 3128 409 3193 suit
432 3131 464 3192 in
489 3131 630 3193 instanti.

178 3256 208 3301 2.
236 3238 407 3309 Praeterea,
432 3239 541 3319 glossa
568 3238 796 3317 Chrysostomi
813 3238 848 3300 in
866 3238 1015 3319 Epistola
1031 3237 1081 3300 ad

111 3344 267 3407 Hebroeos
291 3343 370 3406 dicit
393 3346 482 3425 quod
508 3345 655 3409 Christus
678 3345 791 3407 debuit
807 3367 863 3426 per
887 3345 997 3407 omnia
1013 3344 1075 3406 sra-

110 3450 215 3513 tribus
238 3450 409 3513 assimilari
433 3451 464 3513 in
487 3472 527 3513 eo
549 3452 640 3532 quod
664 3461 760 3513 natus
775 3460 807 3513 et
830 3452 1004 3528 educatus;
1019 3452 1075 3512 sod

110 3578 232 3639 corpus
254 3558 398 3619 aliorum
421 3578 485 3619 non
508 3556 666 3620 formatur
690 3558 722 3620 in
746 3558 894 3633 instanti;
918 3578 1006 3639 ergo,
