2600 4200
291 218 479 281 Drsrnrcr.
504 216 619 283 XXVI
643 218 789 300 Quam.
813 220 829 282 1
988 222 1046 300 185

123 432 151 483 et
170 423 308 487 charitas.
335 424 409 489 Hoc
432 435 541 488 tamen
576 425 774 507 quibusdam
809 447 876 488 non
910 427 1016 508 placet
1040 435 1072 489 et

124 530 159 590 de
178 530 240 612 ejus
263 529 503 615 improbatione
526 552 614 595 nunc
637 542 776 595 transeo

185 744 406 829 Oraearztmn
442 746 508 811 ad
539 747 783 811 secundum
818 745 1071 811 Arlr'culum

123 849 234 912 videtur
249 852 446 933 quibusdam
471 852 681 933 probabiliter
701 852 877 914 dicendum
893 853 983 933 quod
1000 873 1074 934 spes

124 966 238 1019 nonest
261 959 364 1020 virtus
387 957 538 1021 distincta
561 958 662 1021 afide
677 969 710 1021 et
726 958 882 1021 charitate
905 960 962 1021 sed
986 979 1074 1020 com·

124 1062 258 1142 plectitur
280 1076 349 1127 tam
374 1064 472 1127 tidem
489 1086 589 1147 quarn
613 1065 816 1139 charitatem,
836 1067 922 1128 unde
942 1065 1025 1129 sicut
1041 1065 1074 1127 li-

122 1167 222 1233 berum
246 1172 413 1235 arbitrium
438 1172 573 1234 includit
596 1172 807 1258 intellectum,
827 1172 1019 1234 memoriam
1039 1181 1073 1234 et

123 1276 321 1347 voluntatem,
335 1288 368 1341 et
391 1288 502 1341 tamen
527 1280 685 1342 memoria
710 1289 840 1341 nonest
865 1280 1010 1360 potentia
1029 1278 1074 1340 di·

122 1402 202 1445 versa
223 1385 264 1447 ab
288 1384 461 1458 intellectu,
475 1386 609 1448 includit
632 1396 743 1448 tamen
768 1386 926 1447 memoria
950 1386 1017 1447 duo
1037 1394 1073 1449 ut

123 1488 233 1553 dictum
258 1490 317 1553 suit
341 1492 372 1554 in
398 1511 427 1555 1.
453 1492 519 1568 lib,
544 1493 589 1555 sic
612 1514 687 1575 spes
723 1513 787 1555 non
822 1502 871 1555 est
905 1491 1006 1554 virtus
1029 1492 1074 1553 di-

121 1596 224 1659 stincta
248 1620 266 1660 a
289 1598 353 1661 fide
380 1608 413 1662 et
448 1600 613 1675 charitate,
639 1600 774 1662 includit
809 1609 918 1661 tamen
953 1620 1016 1672 eaS,
1040 1607 1073 1661 et

122 1702 290 1767 declaratur
313 1706 375 1767 sic:
403 1706 485 1788 Spes
508 1707 688 1769 secundum
706 1706 864 1768 rationem
889 1726 981 1767 suam
998 1704 1074 1767 defi-

123 1810 243 1873 nitivam
258 1822 307 1874 est
323 1822 410 1875 certa
426 1813 611 1894 expectatio
635 1811 754 1875 suturae
771 1813 899 1894 gloriae;
923 1813 956 1874 in
973 1809 1087 1894 quan'

122 1924 183 1979 tum
206 1928 313 1981 autem
338 1940 413 2000 spes
435 1920 552 1981 dicitur
575 1918 746 1992 certitudo,
770 1918 815 1981 sic
839 1920 968 2001 respicit
985 1920 1073 1981 intel-

123 2021 228 2086 lectum
252 2035 284 2087 et
309 2025 443 2088 includit
467 2024 565 2087 tidem
590 2046 666 2110 quze
683 2034 731 2086 est
751 2025 783 2087 in
808 2026 981 2095 intellectu,
995 2026 1071 2107 quia

120 2132 269 2194 certitudo
292 2133 359 2214 spei
384 2132 522 2194 habetur
547 2153 603 2214 per
626 2133 826 2195 intellectum
852 2133 972 2194 lumine
996 2132 1070 2195 fidei

122 2235 313 2301 illustratum.
340 2240 375 2301 ln
400 2249 560 2321 quantum
584 2250 694 2301 autem
719 2261 792 2321 spes
815 2240 931 2301 dicitur
953 2261 1071 2321 expec-

120 2345 199 2418 tatio,
219 2347 263 2408 sic
287 2346 416 2428 respicit
439 2347 640 2409 voluntatem
665 2355 698 2408 et
722 2346 856 2408 includit
880 2346 1071 2408 charitatem

120 2464 260 2530 quaeest
294 2454 326 2515 in
350 2452 528 2536 uoluntate,
553 2453 629 2534 quia
665 2453 859 2514 desiderium
895 2453 1072 2514 voluntatis

119 2555 247 2621 habetur
270 2581 347 2622 cum
371 2559 528 2621 charitate
551 2557 757 2624 informante.

179 2666 241 2728 Ista
262 2666 429 2729 conclusio
453 2666 611 2747 probatur
627 2666 692 2728 sic:
718 2667 816 2728 Nulla
839 2666 1005 2747 pluralitas
1025 2675 1074 2726 cst

119 2773 262 2849 ponenda
284 2774 352 2835 sine
376 2773 564 2835 necessitate
587 2793 628 2834 ex
652 2770 831 2853 1.Plzys.,·
856 2773 911 2835 sed
936 2793 1001 2834 non
1025 2780 1074 2833 est

120 2895 238 2941 necesse
261 2900 383 2962 ponere
406 2899 499 2961 spem
523 2879 708 2942 distinctam
725 2902 744 2941 a
760 2878 824 2941 fide
847 2888 878 2941 ct
902 2879 1072 2953 charitate;

117 3003 199 3066 ergo.
224 2987 398 3049 Probatio:
423 3007 500 3048 nam
525 2985 596 3048 finis
627 2987 878 3068 supernaturalis
909 2986 950 3047 ad
974 3006 1072 3068 quern

117 3092 276 3155 ordinatur
299 3094 403 3154 virtus
427 3092 623 3175 theologica,
639 3093 832 3155 sufficienter
857 3092 994 3154 habetur
1018 3113 1074 3173 per

117 3199 329 3279 cognitionem
355 3209 388 3262 et
411 3220 580 3274 amorem;
605 3200 661 3261 sed
685 3199 828 3281 cognitio
856 3200 993 3260 habetur
1017 3219 1074 3280 per

118 3302 222 3378 fidem,
245 3328 336 3368 amor
361 3327 439 3368 vero
464 3325 521 3388 per
548 3305 762 3385 charitatem3
798 3327 876 3388 crgo
911 3305 1075 3369 sufficiunt

119 3408 193 3473 tides
226 3425 257 3474 ct
290 3413 441 3486 charitas,
474 3412 573 3474 etsie
609 3432 675 3474 non
709 3423 758 3475 est
793 3433 921 3475 necesse
953 3433 1074 3494 ponere

117 3537 215 3598 spem.

180 3626 256 3690 nna
271 3636 319 3690 est
331 3626 442 3709 opinio
456 3625 641 3690 communis
650 3626 845 3706 Doctorum,
855 3645 954 3707 quam
968 3633 1073 3699 tene0,
