2600 4200
387 691 704 798 Distinctio
744 689 844 795 IV.

270 947 347 1022 Ηίο
378 951 517 1022 autern
551 947 777 1022 dicendum
810 950 952 1022 osi...

222 1105 314 1164 (irco
339 1108 430 1164 istam
455 1106 539 1165 Dist.
564 1125 604 1180 4.,
640 1105 684 1162 ad
698 1106 850 1180 primam,
883 1103 1048 1162 secundam.
1065 1108 1095 1161 et

120 1215 253 1273 tertiam
277 1232 345 1289 ejus
362 1217 480 1290 partes,
509 1231 615 1288 quoero
651 1211 776 1290 primo:
820 1211 935 1270 Utrum
960 1209 1095 1286 parvuli

5 1353 6 1356 =
121 1323 193 1379 sint
213 1318 402 1396 baptizandi.
429 1316 604 1379 Secundo:
648 1319 763 1377 Utrum
783 1318 917 1394 parvuli
942 1317 1095 1392 recipiant

120 1425 270 1504 effectum
296 1425 459 1501 Baptismi.
485 1423 616 1485 Tettio:
660 1425 774 1482 Utrum
809 1423 911 1482 adulti
942 1424 1095 1498 reczpznnt

124 1531 272 1608 qffectnm
298 1531 462 1607 Baptismz'.

490 1741 674 1822 QUAEsno
698 1742 723 1802 l.

256 1885 312 1943 Ad
324 1888 467 1961 primam
491 1887 691 1962 quoestz'onem
714 1887 758 1942 sic
775 1883 964 1960 proceditur.

218 2025 367 2088 Videtur
390 2027 482 2107 quod
506 2026 639 2107 parvuli
679 2045 746 2085 non
782 2026 851 2085 sint
885 2023 1090 2105 baptizandi,

124 2139 208 2215 quia
242 2134 441 2215 Baptismus
476 2144 528 2194 est
562 2133 731 2195 medicina
755 2142 874 2192 contra
904 2140 1090 2211 peccatum

125 2242 187 2302 sed
211 2240 347 2321 parvuli
375 2259 441 2301 non
467 2240 593 2301 habent
616 2249 809 2320 peccatum
835 2256 929 2318 ergo⁹
953 2246 1016 2297 etc.
1032 2237 1093 2296 Mi-

125 2368 187 2406 nor
209 2348 389 2427 probatur;
414 2356 591 2427 peecatum
617 2347 707 2406 enim
733 2353 878 2406 nonest
905 2345 978 2404 sine
1009 2343 1093 2403 eloc-

125 2455 221 2515 tione
245 2462 279 2515 et
303 2453 491 2521 voluntate,
517 2471 577 2531 per
601 2451 840 2532 Augustinum
865 2452 915 2509 De
931 2470 1005 2508 vera
1023 2451 1093 2507 reli·

119 2563 238 2637 ginno:
263 2560 323 2621 sed
347 2558 481 2639 parvuli
508 2577 575 2619 non
600 2558 727 2618 habent
754 2557 954 2618 electionem
986 2575 1031 2616 ex
1062 2574 1090 2615 2.

125 2667 224 2743 Phys.
250 2676 285 2727 et
304 2685 338 2743 3.
362 2666 484 2726 Enoc..-
508 2683 603 2746 ergo,
628 2674 690 2725 etc.

223 2773 347 2834 Contra.
374 2772 479 2841 Beda,
504 2780 538 2833 et
561 2772 701 2851 ponitur
724 2773 833 2830 ultimo
856 2776 921 2846 cap.
946 2789 973 2828 ι.
1007 2770 1090 2829 Dist.

125 2880 225 2957 hujus
247 2881 372 2958 quarti,·
396 2876 463 2959 Qui
497 2876 626 2940 dudum
661 2877 830 2939 clamabat
863 2895 924 2956 per
957 2876 1091 2956 legem:

124 2986 244 3047 anima
265 2986 363 3066 cujus
387 2986 547 3066 praeputii
572 3004 651 3045 caro
675 2985 875 3045 circumcisa
899 3001 966 3043 non
979 2980 1091 3050 fuerit,

124 3092 255 3174 peribit
278 3092 320 3154 de
344 3093 472 3174 populo
497 3110 575 3162 su0;
601 3110 692 3152 nunc
708 3109 768 3169 per
785 3088 1093 3170 Evangeliumcla·

124 3207 216 3260 mat:
240 3201 305 3260 nisi
330 3200 408 3279 quis
431 3208 571 3259 renatus
595 3195 706 3266 fuerit,
731 3206 794 3257 etc.

222 3285 420 3367 An1s'nnn
445 3315 703 3380 QnAEsnonnn
727 3302 927 3382 respondeo,
946 3310 979 3362 et
985 3305 1093 3379 primo

123 3428 256 3493 ponam
279 3430 380 3473 unam
406 3413 602 3492 opinionem
630 3408 906 3491 Peiagianorum.
939 3408 1087 3475 Secundo,

123 3518 324 3599 opinionem
350 3537 466 3580 veram
490 3536 568 3599 quae
593 3524 645 3577 est
669 3514 932 3578 Catholicorum.
977 3514 1087 3580 Tertio,

124 3622 264 3687 solvam
287 3626 438 3687 rationes
461 3624 711 3686 haereticorum.
