2600 4200
365 238 554 302 D1s'r1ucr.
580 238 635 302 IX
660 237 812 320 QuAEsr.
838 238 872 300 II
1023 219 1079 302 ni

145 409 194 468 hic
217 415 263 470 est
283 411 415 486 sangmlr
437 429 532 469 meus.
566 406 604 471 Si
640 419 755 471 autem
789 409 942 472 haeretici
977 409 1106 472 vellent

145 517 194 577 ita
216 533 388 595 exponere
411 515 555 593 dicendo
578 517 672 596 quod
694 525 776 579 sunt
797 514 981 598 figurative
1003 517 1106 587 dicta,
1219 523 1222 530 '

144 624 234 684 sicut
257 622 349 684 istud
369 621 467 701 Joan.
492 641 522 701 5.
546 623 616 701 Ego
639 643 710 682 sum
732 623 913 691 vitt's.vera,
943 623 1037 685 istud
1052 632 1106 685 est

145 729 284 790 omnino
307 736 427 790 contra
459 729 684 791 intentionem
719 727 920 800 Salvatoris,
953 731 1035 811 quia
1066 739 1105 791 ut

145 837 194 897 ait
217 835 439 918 Augustinus
463 835 533 897 Lib.
558 839 609 912 83.
638 836 755 912 Quoest.
779 854 823 914 7„
851 836 940 899 solet
966 838 1107 898 circum-

145 943 272 1004 stantia
295 943 539 1022 scripturarum
563 941 757 1006 illuminare
781 944 994 1024 scripturam,
1025 963 1105 1004 nam

145 1066 190 1109 ex
213 1049 485 1130 praecedentibus
507 1048 563 1111 vel
587 1048 812 1129 sequentibus
839 1058 955 1130 potest
984 1050 1104 1132 colligi

145 1173 189 1216 an
213 1154 372 1235 loquatur
394 1153 588 1237 figurative.
613 1154 703 1217 Nam
727 1174 803 1217 cum
829 1154 986 1219 Christus
1017 1157 1107 1218 dixit

144 1281 201 1339 ego
222 1268 298 1321 sunl
318 1262 391 1322 vius
413 1281 497 1344 uera,
526 1263 641 1323 statim
673 1261 853 1342 subjunxit
879 1283 932 1323 vos
956 1265 1106 1340 palmites

145 1369 225 1436 mei·
249 1367 309 1430 sed
331 1375 466 1430 constat
489 1368 581 1448 quod
604 1367 764 1448 discipuli
790 1388 858 1430 non
881 1369 1108 1450 erantpalmi-

145 1483 198 1536 tes
221 1474 393 1536 naturales
417 1473 477 1536 sed
500 1483 633 1536 tantum
647 1473 859 1558 figuraliter,
884 1476 961 1538 ideo
991 1476 1107 1557 loque·

144 1581 246 1642 batur
267 1578 461 1662 figurative.
487 1578 556 1643 Sed
579 1600 656 1643 cum
681 1582 774 1652 dicit,
800 1581 881 1644 Luc.
909 1601 960 1643 21.
978 1583 1046 1643 Hoc
1061 1589 1108 1644 est

144 1693 255 1765 corpus
278 1708 389 1760 meum,
419 1687 534 1748 statim
559 1688 739 1769 subjunxit
761 1689 846 1768 quod
859 1695 922 1767 pro
944 1689 1028 1750 vobis
1043 1697 1107 1749 tra-

144 1793 255 1864 detur,·
276 1794 337 1858 sed
361 1795 427 1855 ista
448 1793 587 1856 traditio
619 1814 688 1857 non
722 1805 796 1857 erat
829 1793 1016 1878 figurativa
1045 1796 1107 1858 sed

145 1900 247 1964 realis
271 1909 305 1962 et
328 1919 423 1971 vera3
448 1918 534 1982 ergo
557 1903 725 1964 veraciter
747 1903 959 1964 dictumest:
979 1903 1108 1964 Hocest

144 2013 256 2085 corpus
279 2028 391 2068 meum.

234 2160 298 2223 De
320 2160 510 2237 secunde,
533 2160 665 2223 scilicet
687 2160 834 2242 qualiter
856 2179 981 2241 corpus
997 2162 1043 2221 sit
1059 2162 1106 2222 ibi

145 2269 312 2329 veraciter
335 2267 392 2328 ubi
417 2269 513 2349 prius
537 2288 604 2329 non
636 2266 712 2337 fuit,
747 2267 803 2329 vel
837 2278 910 2329 erat
944 2269 1018 2329 sine
1052 2270 1105 2329 sui

144 2374 342 2435 mutatione.
368 2372 432 2436 Est
455 2374 527 2436 haec
551 2375 668 2456 opinio
685 2373 839 2444 Thomae.
864 2374 957 2455 quod
972 2374 1038 2436 hoc
1053 2384 1106 2436 est

144 2489 284 2561 propter
306 2482 530 2543 mutationem
544 2481 684 2542 alterius
696 2482 731 2542 in
744 2482 857 2560 ipsum
869 2498 1003 2560 corpus,
1021 2489 1106 2560 puta

145 2596 285 2667 propter
307 2589 566 2649 conversionem
598 2588 699 2667 panis
729 2588 764 2648 in
798 2586 932 2667 Corpus
966 2585 1104 2657 Christi,

145 2702 179 2753 et
203 2692 280 2755 ideo
304 2713 372 2755 non
396 2703 531 2774 oportet
555 2693 689 2774 Corpus
712 2692 839 2756 Christi
864 2695 899 2755 in
917 2714 954 2755 se
965 2696 1104 2767 mutari;

145 2797 270 2861 sufficit
293 2802 383 2862 enim
407 2801 500 2881 quod
524 2801 617 2863 aliud
651 2810 802 2862 mutetur
837 2801 872 2861 in
907 2802 1030 2880 ipsum,
1063 2802 1107 2861 ad

145 2905 210 2967 hoc
233 2907 325 2986 quod
349 2909 462 2987 ipsum
486 2908 627 2987 incipiat
651 2908 697 2968 ibi
725 2926 801 2969 esse
832 2908 1105 2988 praesentiatiter.

145 3012 190 3072 El
210 3012 388 3073 declaratur
409 3032 471 3094 per
493 3014 614 3082 simile,
639 3014 721 3094 quia
744 3015 832 3075 sicut
867 3015 1022 3095 genitum
1054 3024 1108 3075 est

145 3119 203 3180 ubi
227 3122 323 3201 prius
346 3117 411 3181 fuit
433 3130 642 3200 corruptum,
666 3129 701 3181 et
724 3128 837 3183 tamen
869 3141 937 3182 non
958 3139 1019 3201 per
1049 3120 1108 3181 ali·

145 3244 247 3306 quam
271 3226 336 3288 loci
361 3228 585 3288 mutationem
609 3227 719 3307 ipsius
742 3228 861 3307 geniti,
887 3229 935 3288 ita
970 3226 1106 3288 videtur

146 3332 237 3413 quod
261 3333 347 3395 illud
370 3334 405 3395 in
429 3352 497 3414 quo
521 3352 725 3394 conversum
756 3343 809 3394 est
843 3332 935 3394 aliud
967 3335 1012 3394 sit
1046 3334 1104 3394 ubi

145 3458 348 3501 conversum
372 3440 469 3521 prius
492 3436 566 3509 fuit,
591 3448 626 3501 et
650 3459 718 3501 non
742 3458 803 3519 per
827 3439 976 3519 aliquam
1000 3448 1108 3501 muta-

145 3548 273 3607 tionem
297 3548 432 3608 termini
456 3548 500 3606 ad
519 3566 610 3625 quem
634 3547 879 3615 conversionis,
904 3546 964 3608 sed
994 3545 1106 3607 solum

146 3655 281 3715 termini
305 3675 325 3713 a
348 3674 417 3732 quo.
761 3640 767 3652 ⁴
