2600 4200
253 272 314 318 102
515 254 591 318 Lm.
615 255 661 318 111
686 255 978 320 saurnnrmnvn

1127 373 1194 382 -ι

294 462 335 523 Iu
360 473 442 524 1srn
465 473 685 537 QuAEsrroNu
709 470 784 523 sunt
808 461 875 523 duo
887 460 1036 524 Articuli.
1054 461 1193 525 Primus

230 568 257 630 si
280 575 329 630 est
352 568 429 630 dare
452 588 617 631 summam
641 568 790 650 gratiam.
816 566 983 631 Secundus
1006 568 1031 630 si
1054 578 1104 631 est
1123 570 1192 630 ani-

231 694 296 737 mae
321 673 440 738 Christi
463 675 581 736 collata
603 695 733 736 summa
757 675 870 756 gratia.

299 889 372 954 Aa
390 888 656 954 evidentiam
684 888 832 972 primi
850 889 1047 954 Articuli
1065 899 1113 952 est
1137 911 1192 951 no-

229 997 368 1058 tandum
404 995 494 1077 quod
517 1017 681 1058 summum
716 996 833 1058 dicitur
867 995 1045 1078 dupliciter,
1070 997 1192 1060 scilicet

221 1103 362 1184 positive
384 1112 418 1165 et
441 1103 601 1185 negativa
625 1103 742 1164 dicitur
765 1099 851 1165 enin'r
872 1123 1039 1165 summurn
1052 1103 1191 1185 positive

227 1211 318 1291 quod
352 1211 483 1272 excedit
517 1230 615 1272 omne
637 1209 735 1283 aliud,
760 1211 850 1273 etsie
873 1210 990 1272 dicitur
1024 1227 1054 1293 7.
1086 1211 1189 1291 Topic.

227 1318 319 1398 quod
342 1338 399 1398 per
422 1316 756 1398 superabundantiam
789 1316 917 1391 dicitur,
943 1317 998 1378 uni
1021 1317 1080 1380 soii
1115 1337 1191 1379 con-

227 1424 326 1486 venit.
352 1423 529 1487 Summum
552 1432 664 1485 autern
688 1423 838 1505 negative
861 1424 978 1486 dicitur
1008 1424 1099 1505 quod
1123 1444 1190 1486 non

227 1539 335 1612 potest
358 1531 401 1592 ab
423 1531 487 1592 alio
510 1531 635 1603 excedi,
659 1531 748 1593 etsie
772 1531 924 1619 dicuntur
949 1551 1068 1612 genera
1091 1551 1190 1612 gene·
1298 1527 1299 1530 ’

225 1636 383 1700 ralissima
405 1638 559 1719 quaedam
578 1657 718 1710 summa,
742 1637 819 1718 quia
842 1657 908 1699 non
933 1635 1054 1699 habent
1076 1658 1191 1720 super-

225 1744 358 1806 veniens
381 1764 492 1826 genus.

298 1849 467 1925 Quoeritur
490 1850 597 1933 igitur
610 1850 643 1912 in
668 1850 729 1912 isto
742 1851 887 1925 articulo,
912 1849 937 1912 si
950 1859 999 1912 est
1010 1851 1088 1912 dare
1103 1871 1191 1913 sum-

227 1977 316 2018 mam
334 1957 472 2038 gratiam
496 1958 656 2039 negative,
669 1957 789 2019 scilicet
811 1977 876 2038 qua
890 1957 993 2038 major
1006 1957 1105 2020 creari
1123 1978 1190 2020 non

226 2063 341 2147 possit;
366 2063 474 2127 ethic
498 2073 574 2127 sunt
596 2065 672 2127 duae
697 2064 874 2147 opiniones,

299 2167 384 2238 [sota
407 2168 601 2253 dicitquod
624 2152 700 2245 non',
713 2172 804 2254 quod
827 2172 985 2253 probatur
1008 2172 1062 2235 sic.
1089 2171 1124 2236 Si
1140 2194 1187 2235 es-
1298 2222 1299 2247 ,

225 2288 274 2341 set
296 2280 374 2340 dare
408 2297 572 2340 summam
597 2279 737 2359 gratiam
769 2299 834 2359 qua
858 2278 962 2360 major
996 2279 1096 2341 creari
1121 2300 1190 2342 non

226 2386 336 2467 possit,
371 2393 429 2447 aut
453 2384 516 2448 hoc
550 2395 633 2448 esset
658 2405 700 2446 ex
735 2394 827 2467 parte
850 2386 913 2459 sni,
938 2396 995 2448 aut
1029 2396 1191 2467 exparte

224 2492 391 2576 efficientis
414 2501 471 2554 aut
493 2512 536 2553 ex
561 2502 652 2573 parte
674 2492 817 2574 subjecti.
843 2493 919 2554 Non
943 2493 1050 2575 primo
1075 2494 1189 2567 mod0,

225 2600 302 2682 quia
326 2600 394 2680 ipsa
417 2607 466 2661 est
477 2600 631 2680 quaedam
656 2599 860 2681 participatio
882 2600 982 2661 divini
1005 2620 1083 2673 esse,
1096 2601 1189 2681 quod

224 2728 293 2771 esse
317 2715 424 2787 potest
448 2705 631 2787 participari
644 2706 676 2767 in
700 2705 873 2768 infinitum.
889 2706 959 2769 Nec
982 2715 1030 2769 est
1042 2707 1191 2769 secundo

226 2814 336 2888 modo,
361 2813 438 2893 quia
461 2813 600 2875 efficiens
631 2822 680 2875 est
704 2813 859 2894 potentiae
883 2810 1027 2877 infinitae.
1061 2812 1129 2875 Nec
1154 2834 1187 2875 e-

224 2920 305 2982 tiam
328 2919 423 2981 tertio
447 2920 557 2993 mod0,
581 2919 658 3000 quia
682 2918 867 2999 subjectum
891 2918 1113 3001 quantoplus
1139 2941 1189 2981 re-

224 3026 302 3108 cipit
325 3027 366 3088 de
389 3026 502 3108 gratia,
526 3034 619 3087 tanto
643 3026 716 3107 plus
740 3036 879 3107 augetur
903 3026 972 3107 ejus
995 3026 1169 3108 capacitas.

292 3132 464 3205 Proetcrea,
483 3133 561 3194 illud
586 3141 693 3213 potest
715 3132 805 3195 alteri
815 3134 893 3195 addi
909 3134 998 3215 quod
1012 3154 1077 3196 non
1090 3120 1190 3214 re'pu-

225 3248 305 3321 gnat
329 3260 387 3301 nec
410 3260 453 3300 ex
477 3248 568 3319 parte
590 3237 660 3319 ejus
684 3240 775 3321 quod
799 3238 939 3314 additur,
956 3260 1015 3302 nec
1035 3260 1077 3301 ex
1094 3249 1191 3320 parte

223 3345 295 3427 ejus
317 3345 369 3407 cui
393 3346 536 3422 additur;
561 3346 617 3407 sed
641 3347 781 3428 gradum
805 3345 920 3409 sormae
943 3366 1012 3409 esse
1027 3366 1190 3429 augmen-

224 3452 368 3525 tabilem,
394 3472 459 3514 non
483 3462 645 3533 repugnat
668 3452 727 3515 sibi
752 3474 811 3516 nec
837 3473 880 3516 ex
912 3463 1004 3535 parte
1033 3453 1103 3534 ejus
1133 3456 1189 3515 cui

223 3559 364 3632 additur,
389 3578 448 3620 nec
470 3578 514 3620 ex
538 3568 629 3639 parte
659 3560 729 3639 ejus
763 3561 852 3641 quod
887 3558 987 3634 addit,
1015 3558 1092 3641 quia
1127 3559 1191 3623 iste

224 3666 345 3745 gradus
368 3673 417 3726 est
439 3664 585 3745 ejusdem
609 3666 740 3728 rationis
774 3686 850 3728 cum
886 3665 991 3729 forma
1021 3686 1096 3748 quae
1131 3688 1192 3731 au·

223 3778 334 3856 getur3
356 3789 446 3851 erg0,
470 3779 530 3833 etc.
