2600 4200
234 216 278 278 90
467 194 540 262 Lrn.
566 198 612 259 ΙΙΙ
635 197 929 260 Snnrnnrrrnuu

212 402 383 485 perfectius
406 403 635 465 denominatur
666 402 775 464 anima
810 422 909 484 quam
944 422 1070 483 corpus
1108 401 1175 466 Sed

212 510 359 574 Christus
382 511 562 572 secundum
587 510 678 590 quod
702 530 821 590 corpus
836 508 951 570 dicitur
964 517 1076 584 natus;
1094 529 1175 591 ergo

211 618 390 679 secundum
415 617 504 697 quod
527 616 636 678 anima
659 617 775 678 dicitur
799 625 933 678 creatus.
958 615 1061 697 Igitur
1085 615 1175 678 Chri-

211 733 279 786 stus
301 732 350 786 est
373 732 529 785 creatura.

282 827 411 903 Contra,
426 829 623 892 Ambrosius
639 829 675 891 in
692 828 762 892 Lib.
780 828 819 891 de
835 828 1079 891 Irrcarnatione:
1094 829 1172 910 quid

211 935 365 1017 perfidius
399 935 504 997 dicere
528 936 577 996 vel
602 936 731 997 credere
765 956 864 1017 quam
901 936 990 1016 quod
1025 935 1172 998 Christus

211 1043 250 1104 sit
273 1051 429 1107 creatura.
453 1078 497 1088 —
520 1043 602 1103 Item
627 1041 836 1123 Augustinus
860 1042 895 1104 in
919 1041 989 1104 Lib.
1014 1042 1053 1103 de
1079 1042 1171 1104 relio-

213 1149 303 1212 aione
334 1147 536 1211 christiana:
573 1169 639 1210 non
674 1148 846 1210 audiamus
881 1168 936 1211 eos
970 1147 1025 1229 qui
1058 1148 1170 1211 dicunt

211 1256 300 1338 quod
325 1256 472 1319 Christus
494 1265 542 1317 est
558 1265 714 1317 creatura.
731 1292 775 1302 —
792 1256 873 1317 Item
891 1255 1031 1317 Hilaiius
1048 1255 1082 1316 in
1099 1255 1169 1318 Lib.

209 1362 249 1425 de
287 1361 415 1443 Synodo
452 1362 543 1424 dicit:
570 1362 775 1423 Damnamus
818 1361 966 1424 haeresim
1010 1361 1171 1424 dicentem

211 1469 376 1533 Christum
399 1489 468 1531 esse
491 1478 688 1545 creaturam;
723 1489 812 1550 ergo.
848 1504 891 1515 -
926 1469 1085 1531 Praeterea
1115 1489 1172 1550 per

211 1576 384 1638 rationem:
411 1575 528 1638 Omnis
544 1585 690 1637 creatura
706 1575 868 1638 rationalis
885 1584 992 1658 potest
1008 1576 1069 1638 dici
1087 1575 1170 1638 filius

210 1682 400 1764 adoptivus;
424 1683 481 1744 sed
517 1681 664 1746 Christus
699 1702 764 1744 non
799 1691 848 1744 est
882 1681 965 1745 filius
988 1682 1171 1762 adoptivus,

209 1810 252 1850 ex
275 1789 472 1870 praecedenti
506 1789 704 1871 quaestioneJ
739 1809 818 1871 ergo
854 1787 1000 1852 Christus
1031 1809 1097 1851 non
1124 1798 1173 1850 est

210 1903 366 1957 creatura.

276 2003 317 2063 IN
341 2014 421 2064 ISTA
446 2014 676 2078 QUAESTIONE,
700 2003 918 2083 praetermissa
936 2002 1089 2084 opinione
1112 2002 1173 2064 im-

210 2110 345 2190 piissimi
366 2109 439 2171 Arii
462 2110 597 2171 dicentis
632 2109 799 2173 Christum
834 2131 903 2173 esse
937 2130 1052 2193 puram
1087 2131 1175 2172 crea-

209 2225 326 2289 turam,
351 2225 427 2278 sunt
449 2225 560 2278 autem
583 2217 626 2278 ad
649 2237 792 2298 praesens
814 2216 881 2279 duo
895 2216 1034 2279 Articuli
1057 2237 1173 2279 secun-

209 2322 290 2384 dum
314 2322 395 2384 duas
419 2322 595 2404 opiniones

283 2533 379 2600 Una
403 2534 514 2599 dz'ot't
545 2537 634 2617 quod
658 2536 718 2597 ista
752 2544 801 2598 est
824 2534 923 2597 falsa:
950 2535 1097 2599 Christus
1124 2545 1174 2599 est
1286 2614 1287 2629 χ

209 2650 364 2713 creatura,
378 2640 454 2722 quia
474 2642 689 2704 commutatio
713 2642 906 2704 idiomatum
922 2663 986 2704 non
1005 2640 1041 2704 fit
1065 2643 1174 2704 inillis

210 2746 265 2808 ubi
288 2756 336 2807 est
360 2748 574 2829 repugnantia
609 2749 814 2830 proprietatis
845 2750 941 2811 unius
977 2758 1101 2811 naturae
1127 2751 1171 2811 ad

208 2854 361 2929 alteram3
386 2854 443 2915 sed
466 2854 613 2929 dicendo,
639 2854 785 2919 Christus
805 2865 853 2917 est
876 2865 1031 2928 creatura,
1055 2866 1104 2918 est
1128 2877 1175 2917 re-

208 2960 389 3042 pugnantia
413 2962 617 3042 proprietatis
648 2962 742 3025 unius
778 2947 902 3024 naturae
937 2963 980 3025 ad
1018 2964 1172 3035 alteram;

208 3086 287 3147 ergo
312 3087 377 3128 non
401 3075 449 3129 est
461 3088 536 3129 vera
548 3068 628 3130 ista:
654 3069 801 3132 Christus
817 3077 865 3131 est
887 3078 1042 3132 creatura.
1056 3070 1176 3132 Minor

209 3173 384 3253 probatur:
417 3174 493 3254 quia
516 3176 679 3237 aeternitas
702 3185 751 3238 est
774 3176 953 3257 proprietas
976 3176 1094 3238 divinae
1119 3198 1174 3239 na·

208 3288 300 3351 turae,
336 3289 482 3341 creatura
516 3292 625 3343 autem
651 3282 744 3364 ponit
767 3282 933 3364 inceptum
968 3302 1045 3356 esse,
1082 3285 1173 3364 quod

209 3394 371 3467 repugnat
394 3387 574 3448 aeternitati.

280 3488 399 3554 Contra
431 3490 488 3554 [τοι
522 3494 674 3575 objicitur
706 3496 768 3557 sic:
805 3517 871 3558 non
907 3497 980 3578 plus
1011 3506 1174 3579 repugnat

208 3607 332 3660 naturae
356 3619 425 3660 esse
460 3609 534 3680 post
564 3621 630 3662 non
665 3623 734 3664 esse
768 3623 868 3684 quam
902 3624 969 3666 non
1005 3620 1074 3666 esse
1097 3614 1174 3686 post
