2600 4200
593 259 716 343 176
1073 258 1222 320 LIB.
1271 258 1365 321 III
1416 258 2004 323 SENTEN'HARUM

538 484 718 539 vum,
767 473 924 527 tunc
973 462 1240 527 habebit
1283 464 1656 538 scientiam;
1704 484 1863 546 ergo
1885 464 2079 527 simul
2127 465 2209 527 de
2231 464 2456 526 eadem

539 571 953 661 conclusique
999 570 1264 634 habebit
1312 570 1689 653 opinionem
1737 580 1802 633 et
1848 571 2203 634 scientiam.

683 675 941 742 Contra.
994 678 1167 760 Quae
1214 688 1702 759 cognoscuntur
1756 699 1871 759 per
1939 678 2274 740 scientiam
2322 678 2462 741 sub-

533 787 753 867 jacent
800 784 1049 859 rationi,
1099 804 1250 865 quae
1274 793 1497 846 autem
1546 786 1899 848 creduntur
1929 802 2043 866 per
2089 783 2289 847 fidem
2316 796 2462 859 sunt

538 912 737 973 supra
784 891 1136 969 rationem3
1184 892 1297 953 sed
1324 890 1719 973 impossibile
1763 901 1862 954 est
1886 891 2057 955 idem
2105 891 2297 954 simul
2331 912 2461 954 esse

537 1019 734 1081 supra
781 997 1097 1061 rationem
1144 1006 1211 1060 et
1258 995 1421 1060 infra
1446 998 1785 1072 rationem,
1812 1008 1876 1061 et
1923 1019 2037 1080 per
2062 1018 2461 1080 consequens

538 1103 934 1186 impossibile
1002 1115 1100 1165 est
1167 1104 1323 1166 item
1379 1124 1516 1167 esse
1571 1105 1762 1166 simul
1832 1105 2150 1167 creditum
2219 1114 2288 1167 et
2354 1105 2461 1168 sci-

540 1219 704 1273 tum.

674 1317 1145 1380 RESPONDEO.
1172 1316 1243 1378 In
1271 1316 1393 1378 ista
1424 1317 1786 1398 quaestione
1816 1326 1967 1379 sunt
1999 1318 2133 1379 duo
2157 1317 2453 1381 videnda.

537 1423 771 1486 Primo
818 1423 900 1486 de
947 1422 1360 1485 credibilibus
1408 1422 1718 1486 revelatis
1773 1423 2064 1486 Secundo
2108 1424 2162 1485 si
2209 1424 2293 1487 de
2338 1445 2465 1486 cre-

541 1529 848 1592 dibilibus
892 1528 1186 1592 revelatis
1219 1529 1421 1611 possit
1470 1528 1691 1592 haberi
1737 1530 1928 1593 simul
1956 1528 2115 1593 fides
2160 1540 2228 1593 et
2273 1531 2464 1593 scien·

540 1636 650 1699 tia.

673 1849 1049 1915 Prlnlus
1096 1848 1554 1915 Articulus
1614 1849 1769 1914 nihil
1816 1851 1990 1913 aliud
2061 1852 2298 1933 quaerit
2347 1852 2462 1915 nisi

542 1956 592 2019 si
642 1956 1006 2039 Theologia
1053 1957 1456 2019 credibilium
1506 1958 1938 2020 revelatorum
1986 1958 2066 2020 sit
2112 1958 2378 2021 scientia
2401 1960 2464 2022 in

541 2063 868 2126 intellectu
916 2072 1157 2138 nostro,
1207 2074 1274 2126 et
1320 2065 1402 2127 ad
1454 2063 1579 2128 hoc
1626 2073 1808 2147 patet
1855 2064 1964 2129 lib.
2000 2083 2061 2131 Ι.
2103 2064 2175 2128 in
2209 2066 2466 2150 prolog.

537 2192 599 2253 q.
648 2190 710 2234 2.
759 2172 1121 2234 secundum
1168 2170 1456 2234 diversas
1504 2171 1859 2254 opiniones

687 2383 1136 2469 Quantum
1199 2386 1331 2451 acl
1364 2386 1873 2460 seeundum,
1923 2386 2358 2468 praetermissa
2404 2408 2473 2449 0-

541 2490 806 2573 pinione
850 2491 1130 2554 Thomae
1179 2492 1262 2554 de
1308 2491 1571 2555 scientia
1617 2492 2102 2556 subalternante
2145 2501 2211 2555 et
2253 2493 2475 2557 subal-

540 2606 813 2671 ternata,
863 2607 929 2660 et
973 2598 1280 2679 opinione
1313 2598 1574 2661 Henrici
1606 2600 1688 2661 de
1721 2599 1952 2681 triplici
2001 2599 2261 2673 lumine,
2310 2601 2475 2682 quia

492 2756 500 2764 .
541 2703 775 2765 harum
801 2704 1183 2785 opinionum
1212 2705 1605 2786 improbatio
1638 2716 1817 2788 patet
1842 2727 2037 2787 supra
2083 2705 2193 2769 lib.
2222 2724 2280 2769 Ι.
2318 2706 2477 2771 ideo

539 2810 687 2872 dico
757 2811 1115 2873 secundum
1167 2812 1424 2873 tertiam
1472 2812 1871 2894 opinionem,
1920 2832 2069 2894 quae
2117 2821 2215 2875 est
2262 2811 2473 2889 Scoti,

540 2917 721 2998 quod
791 2916 1054 2980 scientia
1124 2927 1339 2999 potest
1407 2919 1745 3000 dupliciter
1792 2919 2031 3001 accipi:
2093 2919 2228 2982 Uno
2281 2921 2479 2984 modo

541 3024 728 3105 large
774 3033 971 3103 prout
1017 3033 1113 3086 est
1161 3025 1388 3087 notitia
1436 3046 1587 3087 cum
1637 3026 2012 3089 adhaesione
2073 3046 2225 3109 quae
2272 3025 2468 3091 habe

539 3137 645 3192 tur
692 3149 779 3191 ex
825 3129 1196 3193 testimonio
1258 3131 1647 3213 aliquorum,
1698 3141 1770 3194 ut
1816 3133 2002 3214 ponit
2048 3132 2482 3215 Augustinus

539 3252 645 3318 15.
692 3237 771 3298 de
853 3238 913 3299 T
903 3237 1032 3300 rin.
1081 3238 1235 3299 Alio
1306 3239 1486 3301 modo
1532 3239 1844 3320 accipitur
1913 3238 2177 3301 scientia
2245 3239 2482 3305 stricte

538 3361 619 3404 eo
667 3344 868 3405 modo
914 3364 1047 3425 quo
1095 3344 1379 3425 loquitur
1430 3346 1510 3407 de
1555 3365 1631 3406 ea
1695 3345 2127 3427 Philosophus
2175 3363 2235 3408 Ι.
2283 3345 2477 3411 Post.

538 3448 778 3511 scilicet
824 3452 1002 3531 quod
1050 3460 1148 3512 est
1194 3452 1483 3533 cognitio
1531 3461 1705 3514 certa
1751 3461 1816 3514 et
1842 3452 2075 3532 objecti
2127 3456 2480 3517 necessarii

540 3554 838 3618 habentis
869 3556 1258 3619 evidentiam
1294 3580 1380 3621 ex
1426 3559 1646 3640 aliquo
1680 3559 2050 3621 naturaliter
2092 3560 2273 3640 prius
2308 3573 2483 3627 noto

537 3662 862 3743 applicata
909 3664 994 3725 ad
1041 3664 1274 3727 scitum
1325 3687 1436 3747 per
1485 3675 1705 3727 actum
1755 3665 2253 3748 syllogisticum.
