2600 4200
216 284 281 347 244
467 267 542 331 Lru.
568 266 612 329 111
637 265 931 330 samamunun

194 473 401 536 mendacium
424 482 473 535 est
485 482 669 554 peccatum,
683 472 759 553 quia
771 471 958 553 quicunque
970 470 1045 534 facit
1059 473 1154 538 alteri

191 581 282 662 quod
305 580 364 643 sibi
389 600 454 641 non
478 579 549 641 vult
572 578 648 650 fieri,
667 588 797 660 peccat;
822 579 879 641 sed
906 578 961 659 qui
997 580 1154 643 mentitur

191 686 268 749 facit
291 686 381 749 alteri
405 686 495 768 quod
518 686 577 748 sibi
602 706 667 747 non
691 686 761 747 vuit
792 684 876 759 fieri;
912 705 1001 766 ergo.
1036 686 1156 747 Minor

191 793 357 876 probatur,
370 792 447 874 quia
462 792 518 875 qui
535 790 611 855 facit
627 793 717 854 alteri
734 792 824 873 quod
836 791 896 854 sibi
911 811 975 853 non
992 792 1062 853 vult
1074 789 1153 865 fieri,

191 898 267 963 facit
279 910 392 963 contra
404 900 554 981 generale
578 908 782 981 praeceptum
795 899 836 961 de
857 898 1029 960 dilectione
1045 898 1157 979 proxi·

192 1006 253 1069 mi:
278 1005 392 1087 diliges
415 1006 605 1087 proximum
629 1006 712 1068 sicut
734 1006 884 1087 teipsum.

258 1114 427 1187 Praeterea,
451 1112 638 1194 quicunque
660 1102 805 1174 abutitur
828 1112 935 1193 aliqua
959 1133 1002 1181 re.
1023 1122 1154 1193 peccat;

190 1219 247 1282 sed
270 1219 325 1300 qui
351 1219 506 1281 mentitur
528 1218 673 1281 abutitur
693 1219 831 1282 uocibus
853 1239 909 1281 seu
941 1219 1056 1292 verbis,
1077 1238 1155 1299 quae

190 1336 266 1388 sunt
293 1326 334 1387 ad
370 1326 567 1407 signandum
604 1325 788 1388 interiorem
823 1325 922 1388 animi
956 1336 1154 1406 conceptum

192 1452 258 1495 uno
283 1433 391 1505 modu,
417 1441 454 1494 ut
476 1432 582 1493 visum
607 1440 656 1493 est
678 1430 749 1497 Lib.
767 1450 797 1495 1.
814 1432 890 1495 dist.
902 1430 936 1495 8.
960 1454 990 1513 q.
1005 1450 1049 1507 1.;
1074 1452 1157 1514 ergo

191 1539 246 1621 qui
272 1538 427 1601 mentitur
452 1548 575 1621 peccat.

258 1646 426 1719 Praeterea,
449 1646 502 1707 alii
530 1645 672 1726 probant
696 1646 781 1707 idem
794 1646 853 1707 sic:
866 1646 1052 1727 quicunque
1065 1646 1160 1710 vadit

190 1762 304 1815 contra
323 1752 462 1834 primam
488 1753 668 1826 veritatem,
693 1773 768 1834 quae
803 1760 852 1815 est
887 1754 987 1825 Deua,
1024 1763 1155 1833 peccat;

194 1861 251 1922 sed
274 1860 330 1941 qui
355 1860 509 1922 mentitur
533 1858 622 1921 vadit
645 1869 759 1921 contra
786 1858 928 1940 primam
963 1860 1156 1935 veritatem3

192 1987 280 2049 ergo,

260 2074 427 2147 Praeterea,
451 2082 542 2136 actus
565 2072 723 2136 transiens
745 2092 842 2156 super
867 2072 1034 2135 materiam
1069 2072 1159 2136 inde·

193 2179 294 2242 bitam
318 2189 366 2242 est
391 2181 511 2253 malus;
536 2180 592 2242 sed
617 2181 824 2243 mendacium
847 2190 896 2242 est
918 2189 1010 2242 actus
1041 2179 1154 2242 transi·

192 2306 249 2349 ens
272 2307 367 2368 super
391 2287 559 2348 materiam
585 2287 781 2365 indebitam;
804 2307 885 2368 ergo
908 2295 957 2349 est
981 2286 1085 2348 malus
1122 2295 1159 2349 et

194 2412 251 2474 per
274 2413 474 2474 consequens
498 2402 680 2474 peccatum.

267 2602 492 2690 piratarum
528 2607 592 2671 acl
620 2606 863 2672 seormdum
892 2605 1159 2687 Arttbulum.

193 2712 312 2774 scilicet
349 2713 373 2774 si
413 2732 512 2774 omne
559 2713 766 2774 mendacium
804 2721 854 2774 est
898 2721 1068 2794 peccatum
1106 2722 1161 2775 cst

193 2819 361 2881 sciendum
396 2821 485 2900 quod
519 2819 731 2901 Augustinus
762 2819 798 2881 in
825 2818 896 2884 Lib.
925 2819 964 2880 de
991 2819 1160 2881 mendacio

194 2925 286 3006 ponit
309 2935 385 2987 octo
413 2945 532 3007 genera
568 2925 823 2998 mendaciorum,
848 2936 968 2998 tamen,
992 2925 1074 2986 sicut
1096 2945 1159 3005 po-

195 3032 242 3094 nit
266 3031 420 3113 Magister
448 3032 484 3094 in
509 3032 629 3106 littera,
655 3033 766 3094 omnia
800 3042 937 3115 possunt
971 3030 1079 3094 reduci
1113 3033 1159 3095 ad

194 3139 264 3212 tria,
289 3139 408 3200 scilicet
442 3139 484 3200 ad
521 3138 727 3201 mendacium
751 3139 935 3222 officiosum,
950 3139 1096 3221 Jocoutm
1122 3147 1161 3204 et

188 3245 416 3326 perniciosum.
443 3245 569 3308 Dicitur
592 3255 703 3308 autem
732 3246 937 3307 mendacium
962 3246 1156 3318 officiosum,

130 3357 133 3365 '
195 3351 327 3434 quando
350 3351 464 3432 aliquis
497 3353 649 3414 mentitur
675 3373 733 3434 pro
758 3353 895 3415 utilitate
918 3351 1054 3433 alicujus
1088 3352 1162 3416 sine

195 3460 317 3520 damno
340 3457 479 3520 alterius.
506 3459 631 3521 Dicitur
655 3481 732 3521 vero
764 3459 971 3522 mendacium
992 3459 1156 3539 jocosum,

195 3564 329 3647 quando
352 3563 425 3645 quis
449 3565 560 3626 recitat
584 3565 732 3628 historias
755 3567 805 3628 vel
830 3565 965 3640 fabulas,
983 3567 1015 3628 in
1039 3565 1164 3647 quibus

196 3671 332 3734 recitans
356 3691 421 3732 non
445 3671 582 3734 intendit
598 3673 747 3754 decipere
763 3694 821 3735 nec
837 3673 973 3734 audiens
988 3672 1165 3753 decipitur.
