2600 4200
961 3 963 6 ’
1072 5 1121 59 ³3⁰

244 248 433 311 Drsrmcr.
452 247 545 310 XVI
562 262 608 310 nr
626 246 735 311 XVII
753 247 905 329 QuAEsr.
924 248 959 311 II
1017 268 1074 311 211

138 426 326 488 sericordia
348 426 414 489 Dei
442 426 485 487 ad
519 427 627 489 solam
662 428 925 507 promissionem
960 426 1104 489 dimittit

139 541 289 613 peccata„
683 586 685 593 .

234 639 349 700 Contra
372 648 426 701 est
449 639 668 709 Ambrosius,
693 650 727 701 et
750 624 896 702 habetur
926 641 959 701 in
994 640 1098 707 litera,

138 745 278 807 dicens:
303 764 371 807 non
396 755 510 827 potest
525 748 708 827 quisquam
728 744 907 827 Justificari
925 766 945 807 a
960 757 1103 831 peccato

140 852 207 913 nisi
230 849 334 914 luerit
356 861 435 915 ante
459 850 647 915 confessus.

239 958 284 1020 In
318 972 404 1021 1srn
438 958 674 1041 Qoffismone
708 970 788 1022 sunt
826 961 892 1021 tria
930 959 1100 1021 videnda:

140 1064 260 1133 Primo,
288 1085 358 1147 quo
391 1076 565 1147 praecepto
601 1074 736 1128 tenetur
769 1075 929 1147 peccator
962 1074 1104 1145 peccata

138 1189 203 1234 sua
225 1170 379 1234 confiteri
404 1170 591 1234 Sacerdoti.
617 1172 766 1239 Secundo,
795 1172 878 1253 quid
901 1172 994 1234 istud
1017 1190 1103 1253 prae-

138 1287 276 1358 ceptum
301 1279 446 1341 includit
462 1280 504 1340 de
527 1276 752 1340 confessione.
779 1280 891 1347 Tertio,
912 1278 995 1359 quid
1012 1280 1103 1341 circa

139 1383 226 1446 illud
250 1394 460 1466 praeceptum
485 1384 641 1447 Ecclesia
665 1384 808 1447 ulterius
832 1385 1030 1466 explicavit.

234 1598 452 1677 Quantum
468 1599 525 1662 ud
543 1596 749 1677 miluum*
765 1599 973 1679 praemittam
991 1600 1101 1676 primo

138 1703 394 1766 distinctionem
418 1723 542 1777 unam;
567 1705 699 1764 secundo
725 1702 881 1766 formabo
904 1702 1101 1766 Conclusio-

139 1828 210 1871 nes.
236 1812 405 1872 Distinctzo
428 1820 481 1873 θεῖ
504 1813 580 1881 ista,
605 1811 699 1891 quod
722 1810 850 1891 triplex
874 1820 927 1871 est
941 1812 1010 1889 jus,
1038 1813 1101 1872 sci·

139 1917 219 1978 licet
239 1918 297 1997 jus
319 1925 451 1987 mlum,
476 1918 534 1998 jus
551 1920 723 1995 positivum
746 1918 898 1985 dz'oinum,
920 1925 955 1978 et
970 1916 1028 1997 jus
1046 1924 1102 1995 po·

137 2025 267 2083 sitivum
290 2024 445 2085 Ecclesia.

220 2132 285 2210 Jus
307 2141 420 2193 autem
455 2137 579 2192 naturae
612 2133 760 2194 sumitur
794 2133 885 2210 large
918 2141 952 2192 et
986 2135 1100 2193 stricte.

138 2237 254 2297 Stricta
277 2238 414 2318 quidem
435 2239 493 2319 J'us
516 2248 648 2300 naturae
673 2247 725 2299 est
749 2237 835 2299 illud
858 2238 956 2319 cujus
973 2239 1102 2300 veritas

138 2347 290 2424 practica
320 2356 402 2407 nota
435 2354 487 2406 est
520 2363 566 2405 ex
594 2343 654 2405 tali
679 2346 848 2424 principio
872 2346 921 2406 sic
950 2355 1032 2408 noto
1056 2363 1101 2406 ex

138 2452 304 2513 terminis.
327 2451 390 2531 Jus
417 2459 530 2512 autem
566 2460 698 2511 naturae
732 2453 831 2529 large,
871 2452 927 2512 vel
951 2453 995 2513 de
1023 2453 1101 2532 jure

139 2567 281 2628 naturae,
306 2566 358 2619 est
382 2577 501 2618 verum
525 2559 713 2638 practicum
749 2576 938 2619 consonum
977 2560 1101 2639 prinei·

137 2665 207 2744 piis
222 2673 257 2725 et
272 2664 550 2726 conclusionibus
566 2663 656 2746 legis
674 2673 806 2725 naturae
819 2666 989 2726 intantum
1007 2667 1099 2745 quod

137 2773 254 2832 statim
272 2781 389 2832 notum
403 2781 454 2832 est
471 2771 631 2832 omnibus
643 2771 728 2831 illud
740 2773 925 2834 convenire
938 2771 997 2832 tali
1011 2771 1099 2852 lege.

220 2879 283 2956 sus
313 2887 427 2939 autem
456 2880 626 2955 positivum
662 2878 814 2944 divinum,
855 2879 910 2939 vel
945 2878 988 2940 de
1022 2879 1101 2959 lege

138 2985 288 3064 positiva
311 2985 430 3046 divina
452 2994 542 3054 sunt,
567 2983 623 3045 vel
647 3003 862 3065 quaecunque
883 2986 1102 3048 continentur

139 3092 174 3151 in
198 3089 385 3171 Scriptura,
411 3110 473 3171 pro
497 3101 650 3171 tempore
674 3109 736 3170 pro
771 3110 840 3170 quo
875 3100 955 3153 sunt
989 3091 1102 3153 obser-

138 3198 261 3267 vanda,
285 3199 375 3259 sicut
397 3195 535 3259 fuerunt
565 3199 761 3259 cerimoniae
804 3197 1003 3277 Judaeorum
1038 3218 1101 3278 pro

138 3313 291 3384 tempore
315 3305 404 3385 legis
429 3303 603 3373 Mosaicae‚
629 3313 663 3364 et
687 3305 775 3365 sicut
800 3313 880 3366 sunt
904 3306 1101 3366 cerimoniae

137 3408 409 3472 Christianorum
434 3430 496 3490 pro
520 3421 674 3490 tempore
699 3410 789 3491 legis
813 3409 1047 3492 Evangelicae.

219 3517 283 3594 Jus
306 3527 418 3579 autem
437 3519 607 3595 positzoum
629 3518 875 3584 ecclesiasticum,
897 3515 953 3578 vel
969 3517 1101 3597 dejure

137 3624 289 3703 positivo
313 3623 479 3686 Ecclesiae
504 3634 584 3685 sunt
619 3623 744 3704 aliquae
779 3625 1009 3686 observantiae
1044 3625 1102 3686 ho-
