2600 4200
295 224 484 287 D1ss1vcs.
511 223 681 286 XXXVI
709 223 860 304 Qomss.
886 223 938 286 III
1024 243 1085 302 3²7

150 408 200 464 28.
227 404 311 463 Dist.
343 423 368 462 c.
393 403 540 462 Dmconi.
565 399 761 464 Secundum
797 410 892 482 patet
915 403 1033 463 Extra.
1059 403 1119 461 De

151 511 360 588 regularibus.
387 509 572 570 statuimus,
597 509 752 571 Tertium
776 518 872 589 patet
899 509 972 569 ibid.
998 508 1044 570 Et
1068 528 1113 570 ne

151 616 226 678 haee
251 617 368 698 negari
393 617 537 695 possint,
562 614 621 676 fiat
645 615 783 696 publica
804 617 984 695 scriptura,
1006 633 1056 693 27.
1080 637 1117 694 q.

150 743 177 784 1.
208 724 323 784 Omnes
335 725 491 799 semine.

241 935 305 998 De
328 934 452 998 tereto
475 933 682 1010 Articuli),
705 933 836 995 seilicet
856 935 885 994 si
902 945 1019 995 votum
1037 954 1120 996 con·

151 1043 306 1104 tinentiae
319 1017 481 1121 impetiiat
493 1042 757 1110 matrimonium.
769 1042 961 1102 eommunis
972 1049 1025 1102 est
1044 1045 1121 1122 opi·

152 1150 209 1210 nio
230 1148 322 1228 quod
346 1157 464 1209 votum
481 1149 617 1225 simplex
641 1167 709 1208 non
734 1147 877 1227 impedit
902 1147 1113 1227 simpliciter,

152 1256 232 1335 quia
254 1254 335 1316 licet
358 1254 521 1334 impediat
544 1254 823 1323 contrahendum,
842 1273 912 1315 non
929 1262 1042 1316 tamen
1066 1255 1120 1316 di·

151 1363 244 1423 rimit
264 1363 334 1442 jam
359 1369 580 1422 contractum.
607 1359 737 1422 Votum
754 1370 868 1422 autem
883 1363 1018 1420 solemne
1034 1362 1114 1422 sim-

151 1469 286 1547 pliciter
318 1467 471 1547 impedit,
496 1469 577 1547 quia
612 1467 755 1546 impedit
785 1467 1054 1528 contrahendum
1078 1476 1119 1528 et

152 1575 281 1636 dirimit
301 1575 370 1654 jam
394 1583 615 1636 contractum.
642 1571 711 1636 Sed
734 1571 917 1634 difficultas
933 1575 1038 1635 estin
1062 1591 1115 1633 as·

152 1680 322 1762 signando
346 1681 522 1748 rationem,
547 1679 637 1740 unde
661 1679 823 1741 videlicet
845 1688 898 1741 est
921 1680 986 1740 hoc
1019 1679 1114 1760 quod

153 1799 270 1849 votum
295 1786 446 1848 solemne
471 1785 671 1866 simpliciter
687 1786 830 1866 impedit
845 1787 1112 1856 matrimonium,

152 1906 270 1956 votum
296 1902 409 1954 autem
434 1912 502 1954 non
526 1893 678 1956 solemne
702 1912 762 1954 seu
787 1893 936 1973 simplex
960 1912 1028 1954 non
1053 1894 1117 1954 im·

152 2001 256 2080 pedit.
281 1999 341 2060 Ad
375 1999 467 2078 quod
501 1999 628 2060 diversi
665 1998 820 2060 diversas
851 1999 1033 2060 inveniunt
1064 2018 1119 2060 ra·-

151 2109 273 2169 tiones.

248 2214 339 2275 Unus
362 2213 446 2273 dicit
468 2212 560 2293 quod
583 2214 670 2273 ratio
695 2213 796 2293 hujus
822 2210 1025 2275 differentiae
1059 2222 1116 2275 est

152 2329 292 2400 propter
314 2318 532 2381 manifestum
549 2328 584 2380 et
599 2338 668 2381 non
685 2318 914 2390 manifestum,
931 2322 1113 2399 probatum

82 2470 88 2481 .
153 2435 187 2487 et
211 2446 278 2491 non
302 2426 492 2505 probatum.
511 2424 640 2486 Votum
672 2426 763 2486 enim
787 2425 939 2487 solemne
963 2438 1016 2513 est
1039 2446 1120 2507 pro--

154 2534 271 2593 batum
307 2551 367 2593 seu
403 2529 632 2601 manifestum,
665 2541 784 2594 votum
819 2542 931 2593 autem
964 2532 1114 2613 simplex

154 2648 207 2701 est
230 2658 297 2699 non
321 2640 500 2717 probatum
526 2657 585 2699 seu
610 2658 678 2700 non
702 2636 931 2700 manifestum.
956 2637 1026 2700 Sed
1047 2640 1118 2701 hoc·

154 2764 222 2807 non
246 2745 338 2806 valet
361 2746 442 2824 quia
465 2754 583 2805 votum
608 2744 758 2825 simplex
781 2756 899 2825 posset
910 2764 986 2806 esse
1008 2748 1120 2807 mani·
1148 2752 1152 2760 '

155 2850 280 2914 festum
305 2861 338 2913 et
362 2851 552 2931 probatum,
577 2859 749 2913 ettamen
781 2870 849 2913 non
883 2852 1013 2912 dirimit
1042 2852 1115 2933 jam

154 2967 373 3019 contractum.
579 2930 588 2953 ⁸

243 3064 315 3123 Ideo
337 3064 420 3123 alins
443 3063 526 3123 dicit
549 3064 640 3142 quod
664 3063 729 3123 hoc
752 3073 804 3125 est
821 3065 902 3144 quia
918 3083 978 3144 per
994 3074 1116 3125 votum

155 3169 308 3231 solemne
332 3170 391 3229 dat
414 3169 549 3249 aliquis,
575 3168 623 3231 illi
648 3171 702 3231 cui
734 3177 848 3240 vovet,
869 3170 926 3250 jus
950 3171 986 3231 in
1010 3189 1048 3232 se
1070 3171 1114 3232 ad

155 3285 267 3337 actum
292 3285 491 3355 sequentem
516 3273 600 3336 illud
623 3285 753 3345 votum,
766 3285 801 3337 et
823 3295 884 3355 per
900 3294 1120 3357 consequens

155 3401 287 3444 vovens
310 3382 507 3443 solemniter
530 3382 775 3443 continentiam
798 3382 857 3443 dat
884 3383 933 3444 illi
957 3384 992 3443 in
1016 3384 1119 3463 cujus

154 3507 256 3550 manu
281 3496 386 3548 vovet
406 3488 463 3567 jus
487 3488 521 3548 in
546 3507 583 3548 se
607 3488 650 3549 ad
677 3487 870 3550 laciendum
894 3489 979 3551 illud
1002 3490 1115 3550 obser-

154 3595 250 3665 vari;
274 3612 359 3675 ergo
383 3613 450 3655 non
474 3603 588 3673 potest
611 3594 691 3656 dare
711 3596 768 3676 jus
799 3614 898 3658 suum
922 3596 966 3657 ad
998 3604 1116 3657 actum
