2600 4200
200 26 214 54 t

241 206 257 247 2
264 205 305 263 54
468 185 543 246 Lm.
568 184 620 246 IV
645 180 952 247 Snursumuuu

216 365 261 426 ad
283 365 489 427 oblationem
512 365 665 425 materiae
690 362 917 425 Eucharistiae
934 364 1172 425 consecrandae
1200 397 1203 403 ,

216 481 270 533 est
293 469 574 533 Subdiaconatus
599 468 646 531 Et
669 471 726 532 isti
750 480 820 531 tres
843 469 1004 532 dicuntur
1027 467 1172 533 Ordines

216 580 314 648 sacri,
339 579 420 658 quia
435 578 629 639 immediate
644 576 832 657 disponunt
847 576 890 637 ad
906 576 1046 657 aliquod
1061 580 1175 639 minis·

216 685 338 746 terium
378 686 467 745 circa
504 682 766 764 Eucharistiam.
807 719 849 727 —
881 682 1038 747 Ulterius
1068 684 1171 763 aliqui

215 790 344 872 gradus
368 791 554 869 disponunt
576 790 620 851 ad
643 798 740 855 actus
764 790 898 869 aliquos
922 800 1050 851 remote
1067 810 1104 851 se
1119 790 1174 851 ha·

214 898 335 958 bentes
357 897 401 958 ad
424 896 686 965 Eucharistiam.
711 905 745 957 et
769 897 833 958 hoc
845 896 1089 959 diversimode:
1106 916 1173 958 uno

214 1001 317 1066 modo
339 1006 383 1064 ad
406 1003 571 1065 orandum
595 1022 659 1083 pro
683 1004 811 1084 populo
834 1011 869 1064 et
891 1014 1088 1065 reverenter
1103 1023 1174 1065 sus·

214 1112 419 1191 cipiendum‚
443 1120 477 1171 et
501 1112 567 1172 iste
600 1120 654 1171 est
688 1110 917 1191 Accolytatus
951 1111 1174 1173 illuminando

213 1216 339 1278 cereos
365 1216 448 1278 Alia
471 1226 524 1278 est
547 1217 728 1297 dispositio
752 1218 926 1297 pertinens
950 1218 994 1279 ad
1029 1218 1176 1279 intellec·

153 1304 156 1308 ἢ
214 1329 298 1393 tum,
323 1326 412 1385 sicut
435 1333 488 1384 est
511 1325 675 1404 cognitio,
700 1324 806 1385 ethic
823 1332 876 1385 est
893 1324 1023 1386 Lector.
1043 1361 1084 1369 —
1102 1324 1175 1386 Ali·

214 1431 273 1510 qui
298 1431 427 1511 gradus
443 1438 524 1491 sunt
540 1431 583 1490 ad
600 1431 851 1509 reprimendum
870 1432 1042 1511 indignos,
1061 1440 1095 1492 et
1111 1431 1175 1492 hoc

213 1538 270 1599 vel
294 1538 459 1604 homines,
485 1538 534 1597 sie
558 1548 639 1597 sunt
662 1535 818 1608 Ostiarii;
845 1536 900 1597 vel
924 1538 1107 1605 daemones.
1125 1539 1176 1599 sic

215 1653 296 1705 sunt
319 1643 522 1704 Exoreistae.

304 1804 368 1867 De
392 1804 514 1867 tertio
541 1803 733 1867 Art-iculi)
768 1805 844 1866 dico
878 1804 969 1884 quod
1005 1805 1177 1884 loquendo

216 1912 351 1991 proprie
376 1911 416 1970 de
441 1910 672 1977 Sacramento
698 1908 791 1973 Ordo
816 1930 884 1971 non
910 1921 962 1972 est
990 1930 1177 1972 sacramen-

216 2025 288 2078 tum
313 2018 458 2097 proprie,
482 2019 563 2096 quia
586 2036 686 2077 omne
704 2027 950 2079 sacramentum
968 2028 1020 2078 est
1036 2018 1176 2099 signum

1291 3535 1292 3576 l

1291 3577 1292 3628 l

1291 3685 1292 3710 l

216 2124 392 2193 sensibile;
418 2125 478 2184 sed
500 2123 594 2186 Ordo
619 2133 672 2185 est
695 2126 833 2204 quidam
858 2126 986 2206 gradus
1021 2127 1178 2205 spiritua·

216 2231 273 2302 lis;
300 2241 411 2291 tamen
437 2231 633 2310 accipiendo
659 2243 907 2293 sacramentum
933 2252 994 2312 pro
1011 2235 1111 2313 signo
1129 2234 1176 2294 in-

217 2337 344 2398 visibili
370 2339 458 2398 sicut
481 2337 611 2416 aliquid
635 2339 760 2398 dicitur
783 2358 837 2398 res
861 2349 895 2399 et
916 2347 1174 2408 sacramentum,

215 2443 281 2504 hoc
305 2445 405 2505 modo
429 2452 542 2523 potest
566 2445 630 2504 dici
657 2455 915 2512 sacramentum,
948 2447 1029 2524 quia
1051 2457 1103 2506 est
1134 2447 1178 2506 si·

218 2569 323 2630 gnum
342 2552 463 2630 gratiae
481 2553 717 2612 convenientis
734 2553 928 2612 executioni
946 2563 1042 2613 actus
1058 2552 1173 2613 debiti.

308 2658 455 2716 Dz'ceres:
480 2658 562 2735 quid
586 2676 671 2736 ergo
696 2668 747 2718 est
772 2659 954 2736 septimum
980 2657 1178 2720 Sacramen-

218 2765 309 2822 tum?
334 2763 421 2822 Dico
446 2763 537 2842 quod
560 2774 613 2823 est
636 2764 815 2834 ordinatio
833 2765 929 2844 cujus
945 2775 997 2826 est
1010 2765 1088 2826 talis
1104 2767 1178 2825 des·

218 2870 353 2947 criptio:
380 2870 546 2929 ordinatio
570 2880 622 2930 est
647 2872 816 2931 institutio
840 2871 982 2951 alicujus
1008 2873 1040 2931 in
1066 2873 1174 2951 gradu

218 2974 383 3035 Ecclesiae
408 2977 651 3054 praeeminente
675 2979 727 3038 eui
754 2979 913 3038 convenit
948 2977 1086 3056 aliquod
1116 2978 1176 3038 mi-

218 3084 395 3142 nisterium
420 3084 508 3142 circa
532 3081 782 3143 Eucharistiam
808 3085 1034 3144 exhibendam
1052 3082 1176 3144 factae

218 3189 375 3248 ministro
399 3190 520 3248 idoneo
545 3199 635 3249 certa
653 3191 756 3250 verba
773 3188 964 3269 proferente
980 3190 1082 3250 simul
1098 3209 1174 3250 cum

219 3297 406 3355 intentione
422 3297 545 3356 debita.
563 3297 790 3356 ministerium
808 3298 935 3376 gradus
953 3296 1044 3358 illius
1061 3297 1175 3376 aliquo

219 3403 321 3482 signo
345 3403 472 3462 visibili
497 3414 666 3480 prasente
691 3424 733 3462 ex
748 3403 961 3464 institutione
978 3405 1094 3464 divina
1110 3401 1178 3463 effi·

219 3511 343 3568 caciter
356 3510 497 3586 signans
511 3511 654 3588 gratiam
669 3511 944 3588 praeeminentem
963 3530 1030 3589 qua
1047 3511 1178 3571 ordina·

219 3622 275 3674 tus
299 3615 403 3693 digne
427 3616 653 3675 ministerium
679 3617 763 3676 illud
788 3625 986 3696 exequatur.
