2600 4200
206 219 264 275 114
427 199 502 260 Lm.
528 199 580 260 IV
605 197 911 262 Saureurmnun

178 396 305 440 novum
330 377 384 436 ubi
405 379 440 439 in
465 375 697 448 Sacramento,
722 387 756 438 et
780 378 857 439 ideo
879 387 934 439 est
962 376 1037 438 haec
1068 395 1140 439 rnu-

177 485 261 545 tatio
285 483 404 545 localis
427 503 495 545 non
519 485 711 562 deperditiva
735 483 795 545 sed
818 486 1013 562 acquisitiva.

265 696 328 760 De
352 696 474 760 tertio
498 694 704 772 Atticum,
727 695 859 757 scilicet
870 696 1042 776 quomodo
1058 694 1137 758 Cor-

176 819 241 884 pus
265 801 392 866 Christi
423 821 587 884 magnum
621 811 736 882 potest
769 804 935 864 contineri
971 803 1137 863 veraciter

176 909 240 971 sub
263 909 376 970 hostia
399 929 514 992 parva.
540 908 586 970 Et
610 909 734 970 dicitur
756 905 812 970 hic
836 909 879 970 ab
902 927 972 970 uno
987 908 1137 970 Doctore

176 1015 268 1096 quod
279 1026 332 1077 est
343 1015 407 1076 hoc
420 1015 496 1078 ideo
508 1017 589 1095 quia
605 1013 739 1095 Corpus
750 1013 877 1077 Christi
890 1034 958 1076 non
971 1014 1074 1076 habet
1089 1015 1135 1076 ibi

175 1141 251 1184 esse
274 1121 362 1182 modo
384 1125 607 1201 quantitative:
632 1141 711 1184 nam
727 1123 903 1203 quantitas
918 1120 1045 1184 Chr-isti
1058 1120 1138 1183 Cor-

174 1229 269 1309 poris
292 1247 361 1290 non
385 1237 437 1289 est
461 1229 524 1289 sub
549 1229 662 1309 specie
686 1230 786 1311 panis
809 1229 876 1290 nisi
910 1227 1137 1290 concomitan-

174 1344 236 1406 ter,
261 1335 342 1415 quia
364 1336 496 1414 primus
523 1337 690 1396 terminus
712 1336 948 1396 conversionis
978 1343 1032 1396 est
1060 1333 1137 1395 sub

175 1443 302 1506 stantia
326 1439 487 1521 Corporis
511 1439 654 1514 Christi;
672 1442 780 1522 igitur
795 1442 971 1522 quantitas
988 1441 1136 1502 nouerit

176 1545 222 1609 ibi
246 1549 311 1610 nisi
336 1567 397 1629 per
420 1547 558 1610 modum
582 1549 683 1628 primi
719 1549 865 1609 termini.
900 1546 970 1610 Sed
1005 1549 1137 1627 primus

175 1657 351 1725 terminus,
376 1655 434 1736 qui
459 1663 511 1717 est
535 1655 736 1725 substantia,
762 1674 830 1716 non
864 1654 967 1716 habet
997 1654 1135 1715 modum

175 1763 440 1840 quantitativum
457 1780 517 1822 seu
534 1761 896 1833 commensurativum;
914 1761 1022 1841 igitur
1033 1779 1137 1841 quan-

175 1869 256 1929 titas
280 1887 347 1929 non
372 1869 435 1929 erit
460 1867 507 1928 ibi
531 1869 633 1931 modo
657 1869 897 1947 quantitativo

269 1975 382 2035 Contra
406 1975 460 2034 hoc
482 1976 644 2052 objicitur:
674 1973 955 2054 Unumquodque
986 1973 1060 2034 sive
1091 1973 1136 2033 sit

175 2083 306 2162 primus
329 2082 495 2143 terminus
519 2081 905 2149 transubstantiationis,
930 2081 1004 2142 sine
1021 2098 1137 2141 secun·

175 2189 249 2257 dus,
274 2186 376 2271 habet
399 2190 626 2269 proprietates
661 2208 742 2250 suas
776 2188 842 2249 sibi
877 2188 1070 2249 necessario
1101 2197 1136 2247 et

176 2294 374 2356 naturaliter
398 2294 605 2357 inhaerentes
629 2296 824 2375 ubicunque
846 2303 900 2355 est
933 2293 1028 2355 illud,
1059 2294 1137 2353 Pro-

175 2401 268 2461 batur
290 2402 449 2481 exemplo
474 2410 508 2463 et
531 2402 674 2463 ratione.
705 2402 862 2479 Exemplo
896 2402 956 2471 sic,
991 2401 1072 2480 quia
1106 2399 1133 2459 si

175 2507 270 2569 Deus
294 2517 423 2569 crearet
447 2508 674 2569 substantiam
698 2517 873 2588 quantam,
897 2516 931 2568 et
943 2516 1065 2568 natura
1080 2524 1147 2587 go.

176 2623 308 2677 neraret
342 2614 578 2683 substantiam,
614 2623 648 2676 et
682 2615 856 2694 quantitas
889 2613 1136 2675 concomitatur

175 2722 339 2783 terminos
362 2722 540 2801 utriusque
564 2720 808 2801 productionis,
843 2721 940 2801 prius
973 2728 1027 2781 est
1060 2718 1136 2781 sub

175 2828 310 2897 stantia,
335 2837 369 2888 et
392 2830 566 2908 quantitas
589 2828 851 2899 concomitatur;
877 2836 911 2888 et
935 2835 1047 2887 tamen
1064 2835 1134 2885 tam

175 2934 209 2993 in
235 2943 398 3014 generato
422 2954 523 3014 quam
549 2936 582 2995 in
599 2944 713 2995 creato
729 2935 904 3014 quantitas
920 2932 1022 2994 habet
1035 2950 1134 2994 suum

174 3040 312 3101 modum
338 3040 462 3101 realem
487 3042 575 3101 sicut
598 3040 739 3101 haberet
762 3041 790 3101 si
808 3041 920 3120 primo
937 3040 1135 3101 terminaret

175 3146 323 3226 aliquam
348 3149 581 3208 mutationem.
607 3146 767 3207 Probatur
788 3148 890 3207 etiam
907 3148 1038 3215 ratione,
1055 3144 1136 3224 quia

175 3253 242 3315 alia
264 3253 429 3315 habitudo
453 3255 496 3314 ad
519 3273 627 3336 agens
652 3272 719 3313 non
744 3255 854 3313 variat
870 3263 1036 3321 naturam,
1053 3251 1134 3312 dum

174 3368 288 3421 tamen
313 3379 367 3423 res
390 3360 606 3441 producatur,
621 3362 702 3440 quia
718 3378 779 3420 nec
792 3359 956 3421 habitudo
972 3360 1015 3419 ad
1028 3376 1136 3441 agens

175 3466 314 3546 aliquod
337 3469 447 3528 variat
472 3476 626 3527 naturam
650 3469 698 3528 rei
723 3476 808 3528 actae
841 3465 1028 3528 secundum
1065 3464 1136 3526 Au-

175 3582 266 3653 gust.
288 3592 320 3649 3.
345 3574 381 3634 de
413 3575 499 3633 Trr'n.
518 3572 618 3633 Patet
641 3575 744 3633 etiam
767 3574 888 3651 maybr:
904 3590 988 3652 ergo
1005 3572 1136 3651 quanti-
