2600 4200
327 247 520 310 Drsrrncn.
544 247 626 311 XIV
650 247 797 330 QUAEST.
823 249 853 313 11
1030 263 1089 330 115

135 473 219 535 ergo
241 453 356 515 anima
380 452 502 517 Christi
525 454 635 536 potuit
669 453 825 536 proficere
848 455 881 518 in
904 455 1037 518 scientia
1059 475 1115 520 ac-

137 561 268 642 quisita.

210 663 356 734 Contra
379 665 496 735 istam
517 666 739 753 opinionem
775 667 927 749 objicitur
950 689 994 730 ex
1020 669 1116 732 dictis

138 774 309 855 opinantis
331 773 398 838 sic:
423 776 517 856 plura
539 775 718 838 accidentia
742 775 889 856 ejusdem
913 775 1031 858 speciei
1048 796 1114 838 non

139 891 282 962 possunt
306 881 403 942 simul
426 902 496 943 esse
530 882 563 944 in
597 883 714 944 eodem
749 882 897 963 subjecto
933 881 1114 944 secundum

139 987 250 1069 ipsum
275 987 444 1050 Thomam
457 1008 465 1064 ;
489 988 546 1052 sed
570 989 687 1050 notitia
710 987 814 1050 infusa
833 997 866 1052 et
889 988 1046 1070 acquisita
1070 989 1115 1050 rei

139 1094 173 1154 in
196 1093 335 1176 proprio
359 1115 477 1176 genere
499 1103 575 1157 sunt
598 1093 746 1176 ejusdem
770 1094 908 1175 speciei;
933 1116 1013 1177 ergo
1049 1115 1115 1157 non

138 1210 284 1282 possunt
307 1200 403 1262 simul
426 1221 496 1263 esse
518 1202 551 1264 in
574 1202 703 1263 eodem.
717 1201 876 1264 Probatur
901 1201 1018 1276 minor,
1039 1200 1116 1283 quia

136 1308 165 1368 si
190 1327 260 1370 non
284 1317 392 1369 essent
413 1308 561 1389 ejusdem
585 1309 716 1390 speciei,
741 1307 804 1370 hoc
838 1317 921 1370 esset
945 1329 987 1370 ex
1023 1317 1115 1390 parte

137 1415 272 1496 agentis
285 1436 294 1491 ;
317 1415 375 1476 sed
398 1414 461 1477 hoc
485 1435 551 1476 non
574 1415 673 1489 valet,
697 1415 776 1497 quia
799 1413 998 1476 Ambrosius
1022 1415 1116 1495 ponit

136 1521 176 1583 in
202 1521 289 1583 libro
304 1521 344 1583 dc
359 1521 584 1584 incarnatione
606 1521 701 1584 Verbi
715 1521 806 1603 quod
830 1520 1000 1601 disparitas
1012 1529 1115 1590 ortus,

137 1649 208 1690 non
234 1627 312 1688 facit
334 1628 575 1691 distinctionem
600 1638 743 1699 naturae,
769 1637 804 1689 ut
829 1635 919 1709 patet
943 1627 984 1688 de
1000 1627 1114 1689 Adam

135 1737 234 1797 etde
249 1735 354 1796 nobis.
379 1735 469 1797 Idem
494 1735 587 1816 ponit
611 1734 825 1816 Augustinus
851 1733 883 1796 in
908 1733 1115 1815 Epistolaad

139 1841 364 1923 Deogratias.

209 1947 386 2022 Fraterno,
413 1948 489 2010 duae
502 1947 714 2030 perfectiones
731 1947 797 2008 sive
813 1946 888 2009 duae
912 1945 1116 2028 cognitiones

136 2053 299 2138 perfectae
322 2055 468 2136 ejusdem
492 2055 615 2135 objecti
639 2075 708 2117 non
734 2063 870 2137 possunt
905 2074 973 2116 esse
1008 2053 1116 2127 simul,

135 2162 223 2244 quia
244 2182 290 2223 ex
305 2182 373 2243 quo
390 2171 557 2243 ponuntur
580 2162 680 2224 ambo
707 2160 869 2243 perfectae,
883 2161 983 2222 altera
1007 2180 1116 2241 super-

138 2268 281 2344 flueret;
308 2270 365 2330 sed
396 2269 510 2331 notitia
544 2267 649 2331 infusa
687 2278 719 2330 et
753 2268 911 2349 acquisita
946 2275 1115 2348 ponuntur

135 2376 254 2437 ambae
279 2374 452 2456 perfectae;
476 2396 556 2458 ergo
580 2396 647 2437 non
673 2384 750 2437 sunt
775 2374 869 2436 simul
895 2374 926 2435 in
951 2372 1091 2437 Christo,

210 2482 387 2554 Praetereo,
415 2483 497 2545 siin
521 2482 573 2545 illa
605 2481 738 2544 scientia
773 2480 932 2562 acquisita
967 2478 1115 2544 Christus

140 2588 336 2672 proficiebat
360 2610 419 2670 pro
441 2610 482 2653 eo
505 2589 595 2672 quod
620 2588 767 2651 habebat
790 2586 991 2649 intellectum
1018 2606 1116 2667 agen-

138 2706 212 2759 tern
236 2706 271 2759 et
292 2697 490 2779 possibilem.
516 2705 551 2759 ut
574 2704 631 2758 tua
657 2694 738 2757 ratio
762 2693 962 2766 assumebat,
987 2692 1055 2774 pari
1069 2712 1116 2753 ra-

136 2804 242 2876 tione,
256 2803 342 2866 beati
365 2804 399 2866 in
422 2804 526 2885 patria
549 2800 726 2884 proficiunt
750 2799 905 2863 continue
922 2799 953 2861 in
978 2798 1112 2861 scientia

138 2911 312 2991 acquisita,
335 2910 413 2992 quia
436 2909 558 2972 habent
581 2908 781 2971 intellectum
807 2915 960 2989 agentem
983 2914 1016 2968 et
1040 2926 1113 2987 pos-

136 3017 292 3093 sibilem;
315 3017 372 3079 sed
396 3016 460 3079 hoc
482 3025 531 3079 est
554 3014 696 3094 salsum;
720 3034 810 3096 ergo

214 3231 318 3300 Alia
355 3236 424 3298 est
459 3231 613 3315 ope'm‘o
650 3228 844 3295 Henna·
878 3228 967 3309 quod
1003 3225 1112 3287 anima

133 3339 266 3416 Christi
289 3339 380 3402 novit
402 3340 435 3401 in
459 3338 591 3421 proprio
616 3356 734 3419 genere
758 3334 969 3397 habitualiter
985 3354 1043 3415 per
1059 3332 1115 3393 ha·

133 3448 249 3511 bitum
284 3445 482 3509 scientialem
516 3466 536 3507 a
563 3446 638 3508 Deo
662 3442 704 3504 illi
728 3441 847 3505 animae
888 3448 1111 3503 concreatum.

135 3554 210 3620 Sed
232 3562 349 3616 contra
372 3550 460 3616 hunc
482 3551 631 3615 habiturn
657 3558 812 3632 argutum
846 3555 896 3609 est
925 3546 959 3607 in
985 3543 1114 3626 Quaest.

133 3658 500 3747 praetutiana.
524 3657 558 3721 d.
578 3675 613 3738 5.
636 3678 669 3739 q.
691 3674 727 3740 5.
