2600 4200
354 242 543 304 Dtsrmcr.
569 242 660 303 XIV
686 241 837 321 Quncsr.
865 241 879 301 1
1022 248 1078 319 185

137 424 224 502 quia
246 430 319 482 tota
342 423 455 502 gratia
478 422 634 501 privatur
662 432 731 483 tam
768 421 803 482 in
838 441 906 482 uno
930 441 1032 501 quam
1068 423 1103 482 in

139 528 219 594 alio.
245 526 419 607 Injustitia
442 537 554 589 autern
579 527 724 589 actualis
748 546 884 589 manere
898 546 966 589 non
989 538 1104 608 potest

136 644 298 697 cessante
322 646 410 702 actu,
439 637 520 715 quia
553 635 743 715 subjectum
779 616 974 715 proximum
990 632 993 636 ’
1009 634 1105 695 illius

137 751 194 803 est
210 751 317 812 actus,
334 743 423 803 sicut
438 751 472 803 et
488 742 704 803 rectitudinis
720 742 784 803 sibi
803 742 986 822 oppositae;
1013 760 1104 803 nunc

138 858 256 910 autem
281 868 348 909 non
375 858 535 910 manente
569 859 646 910 actu
683 868 750 910 non
785 859 900 910 manet
934 849 1105 910 rectitudo

141 956 198 1016 vel
221 954 408 1036 obliquitas
430 956 514 1035 ejus
539 954 669 1017 Dicunt
692 975 776 1037 ergo
800 956 856 1017 isti
874 954 966 1036 quod
983 957 1017 1015 in
1035 956 1119 1015 ani-.

139 1080 198 1123 ma
220 1082 300 1143 quae
323 1063 479 1143 peccavit
512 1071 628 1123 manet
661 1072 776 1124 reatus
810 1062 922 1142 culpae
957 1063 1014 1143 qui
1051 1071 1105 1123 est

138 1170 300 1250 quaedam
324 1168 492 1251 obligatio
516 1170 559 1230 ad
582 1188 721 1250 poenam
738 1168 887 1230 debitam
905 1168 954 1230 illi
979 1169 1102 1249 culpae.

139 1275 215 1338 Ista
237 1285 350 1339 autem
367 1276 534 1357 obligatio
550 1286 603 1337 est
618 1274 776 1356 quaedam
802 1275 921 1337 relatio
939 1294 1006 1337 non
1030 1272 1105 1336 fun-

140 1383 223 1443 data
245 1402 347 1463 super
371 1392 483 1444 actum
507 1382 610 1444 realis
633 1382 755 1461 culpae,
780 1383 841 1443 sed
865 1401 968 1462 super
991 1401 1105 1443 essen·

138 1489 225 1550 tiam
249 1490 384 1550 animae.

232 1598 307 1656 Alio
330 1597 417 1656 modo
450 1594 575 1657 dicitur
608 1617 629 1656 a
663 1596 813 1658 Doctore
848 1594 985 1663 Subtili,
1010 1594 1104 1675 quod

139 1714 220 1765 actu
244 1703 373 1783 peccati
398 1713 605 1772 transeunte,
631 1702 716 1764 nihii
741 1704 824 1762 reale
849 1702 1022 1762 absolutum
1040 1720 1103 1762 nec

139 1810 344 1887 respectivum
367 1820 482 1869 manet
495 1807 541 1870 lin
564 1818 753 1888 peccatore,
771 1808 830 1869 sed
855 1816 988 1869 tantum
1012 1826 1104 1888 quae·

138 1916 220 1977 dam
245 1918 355 1975 relatae
377 1916 509 1976 rationis
532 1916 734 1995 inquantum
755 1924 807 1975 est
824 1915 993 1994 objectum
1006 1914 1104 1976 intel·

141 2024 252 2085 lectus
275 2022 331 2083 vel
354 2021 543 2084 voluntatis
566 2022 706 2093 divinae,
730 2024 811 2103 quia
830 2031 1011 2102 postquam
1028 2041 1105 2102 pec-

138 2140 237 2194 cator
259 2131 431 2192 commisit
453 2140 642 2209 peccatum,
654 2129 773 2191 divina
785 2131 945 2191 voluntas
968 2129 1105 2191 ordinat

139 2247 354 2318 peccatorem
379 2237 423 2297 ad
445 2255 584 2316 poenam
608 2236 929 2316 correspondentem
951 2244 1102 2316 peccato,

139 2354 176 2406 et
200 2343 395 2406 intellectus
418 2344 558 2405 divinus
581 2343 674 2404 illam
699 2343 877 2423 praevidet.

233 2451 323 2511 lsmd
336 2450 491 2528 probatur
514 2469 575 2529 per
598 2449 837 2530 Augustinum
864 2455 960 2527 super
982 2449 1102 2510 Psalm.

143 2559 236 2618 Beati
255 2577 399 2636 quorum.
425 2555 563 2625 Videre,
588 2558 710 2636 inquit,
735 2565 874 2636 peccata
902 2554 1024 2624 Deum,
1049 2569 1102 2618 est

140 2665 186 2726 ad
209 2682 347 2745 poenam
372 2665 554 2743 imputare3
580 2673 734 2724 avertere
758 2672 881 2732 autem,
898 2663 962 2724 hoc
986 2673 1038 2724 est
1062 2681 1104 2724 ea

140 2771 185 2831 ad
209 2790 347 2852 poenam
372 2789 439 2830 non
464 2789 648 2831 reservare.
673 2768 727 2830 Ita
750 2789 834 2850 ergo
857 2769 940 2830 dicit
963 2779 1104 2848 peccata

140 2878 185 2938 ab
209 2896 251 2938 eo
273 2888 372 2945 tecta.
397 2896 465 2938 non
490 2886 528 2937 ut
552 2876 648 2937 Deus
672 2895 738 2937 non
764 2877 879 2937 videat
905 2895 954 2946 ea,
980 2876 1041 2936 sed
1065 2884 1104 2936 ut

142 3003 211 3046 non
236 2984 320 3045 velit
344 2984 614 3045 animadvertere
637 2993 672 3043 et
695 2985 836 3062 punire;
869 3001 953 3064 ergo
989 2985 1101 3062 ipsum

139 3091 334 3171 relinquere
358 3092 392 3151 in
416 3099 512 3151 reatu
535 3100 615 3170 post
638 3100 751 3150 actum
769 3098 1000 3150 transeuntem
1016 3090 1101 3151 nihil

141 3197 236 3259 aliud
259 3207 311 3258 est
336 3197 401 3258 nisi
426 3199 538 3276 ipsum
562 3216 583 3256 a
605 3195 724 3256 divina
746 3196 924 3258 voluntate
951 3195 1101 3257 ordinari

140 3304 186 3366 ad
209 3323 347 3385 poenam
371 3304 578 3385 condignam
604 3302 653 3363 illi
678 3312 827 3383 peccato.
842 3301 1021 3382 Objectum
1047 3322 1104 3362 au-

141 3422 211 3472 tem
236 3411 430 3472 intellectus
454 3411 509 3472 vel
534 3409 732 3478 voluntatis,
761 3419 799 3468 ut
834 3408 1043 3470 intellectum
1068 3420 1102 3469 et

142 3518 298 3587 volitum,
324 3518 517 3580 nonhabet
542 3519 607 3578 nisi
632 3517 831 3578 relationem
859 3517 1011 3577 rationis.
