2600 4200
218 260 275 318 172
450 239 525 300 Lm.
552 237 602 300 IV
629 237 936 301 Summuranum

280 419 447 478 Proeterea.
488 417 547 480 Ad
585 419 674 480 idem
713 418 954 480 correlativum
994 439 1061 480 non
1100 427 1155 480 est

190 545 293 588 causa
316 526 368 586 sui
393 525 547 594 relativi‚'
564 527 645 606 quia
668 536 749 586 sunt
779 522 882 586 simui
917 535 1052 598 natura;
1092 527 1154 587 sed

183 631 360 709 producens
383 640 436 692 est
458 650 562 692 causa
586 631 660 692 sive
684 633 889 712 principium
905 632 1152 712 productionis,

188 749 225 799 et
247 748 382 800 constat
398 737 489 820 quod
502 735 691 800 formaliter
702 757 764 818 per
774 739 1047 818 productionem
1065 758 1151 821 ergo

189 845 370 926 productio
395 844 454 906 illa
478 863 544 906 non
570 853 622 906 est
646 846 757 906 solum
782 846 903 906 relatio
937 846 982 908 ad
1011 846 1155 926 produc·

190 963 274 1022 tum,
298 953 379 1032 quia
403 962 483 1014 tunc
507 962 599 1014 esset
622 953 762 1013 omnino
785 953 888 1013 simul
918 971 997 1013 cum
1028 952 1089 1014 illo
1118 963 1155 1016 et

190 1079 259 1122 non
282 1060 390 1139 prior;
415 1077 509 1140 ergo
534 1067 596 1120 etc.

287 1167 403 1227 Ultimo
427 1167 584 1246 arguitur
607 1167 671 1226 sic:
708 1165 849 1228 Relatio
883 1167 1023 1229 secundi
1060 1167 1151 1227 modi

191 1271 353 1334 fundatur
377 1291 479 1352 super
495 1273 671 1333 actionem
696 1281 730 1334 et
741 1273 948 1352 passionem,
961 1293 994 1350 5.
1011 1274 1152 1350 Metaph.

189 1387 256 1458 cap.
280 1381 317 1440 de
342 1380 396 1439 Ad
415 1381 555 1458 aliquid:
579 1379 640 1440 sed
664 1380 784 1440 relatio
808 1399 875 1441 non
908 1376 1070 1442 fundatur
1099 1400 1155 1442 su·

191 1505 252 1567 per
275 1487 489 1557 relationem3
514 1505 598 1568 ergo
616 1487 705 1546 actio
722 1496 859 1562 nonest
876 1496 1008 1549 tantum
1020 1487 1152 1548 relatio.

280 1593 345 1654 Sed
365 1595 432 1652 istoe
448 1595 583 1652 rationes
608 1593 738 1654 vadunt
761 1593 888 1654 directe
911 1595 956 1654 ad
979 1594 1064 1656 illud
1094 1594 1155 1655 du·

190 1699 295 1766 bium.
321 1698 464 1761 scilicet:
489 1701 518 1760 si
543 1699 603 1760 iiia
626 1701 715 1762 actio
739 1719 808 1780 qua
831 1699 927 1761 Deus
950 1700 1015 1761 hoc
1036 1699 1155 1763 Sacra·

191 1815 344 1867 mentum
369 1803 550 1867 conficeret
574 1817 626 1867 ost
643 1806 685 1866 de
701 1825 828 1888 genere
844 1806 1020 1886 qualitatis
1036 1817 1096 1869 aut
1109 1808 1155 1869 de

192 1931 317 1994 genere
341 1913 525 1982 relationis,
551 1922 584 1975 et
608 1895 685 1974 ideo
708 1913 813 1974 dubio
828 1913 892 1974 hoc
908 1916 1153 1994 praetermisso,

191 2020 348 2100 arguitur
372 2019 414 2080 ad
438 2018 701 2081 Conclusionem
726 2021 890 2080 intentam
915 2021 979 2081 sic:
1005 2019 1084 2082 Non
1099 2031 1156 2082 est

191 2127 333 2189 minoris
357 2124 566 2187 difficultatis
590 2124 700 2188 facere
724 2127 766 2187 de
783 2126 891 2188 nihilo
907 2128 1037 2207 aliquid
1049 2116 1154 2207 quam

191 2252 296 2295 unum
321 2243 520 2295 convertere
544 2235 578 2294 in
603 2234 710 2304 aiiud;
736 2235 797 2294 sod
814 2236 947 2295 actione
962 2236 1156 2315 divinapo-

191 2350 259 2401 test
282 2338 353 2401 fieri
379 2339 421 2401 do
444 2340 551 2401 nihilo
575 2339 718 2419 aliquid;
759 2359 844 2421 ergo
868 2342 1001 2403 actione
1034 2341 1157 2403 divina

192 2465 297 2507 unum
322 2456 435 2526 potest
459 2448 493 2507 in
518 2446 609 2507 aliud
634 2449 798 2507 converti.
824 2484 865 2490 κ
891 2446 962 2508 Ista
985 2459 1038 2509 est
1064 2451 1155 2509 ratio

78 2612 82 2621 ,
192 2553 369 2616 Ambrosii
395 2556 427 2612 in
453 2554 521 2614 Lib.
546 2555 583 2613 de
607 2556 820 2613 Sacrameutis
835 2554 980 2616 dicentis
1004 2556 1067 2617 sic:
1094 2556 1153 2617 ubi

191 2660 256 2722 hoc
280 2660 413 2739 Corpus
435 2658 621 2730 conficitur,
648 2679 716 2721 non
740 2662 813 2721 suis
847 2662 1061 2724 sermonibus
1091 2663 1155 2725 sed

192 2766 318 2828 Christi
344 2768 558 2828 sermonibus
581 2768 689 2828 utitur
713 2766 889 2828 Sacerdos.
915 2766 961 2829 Et
985 2770 1063 2848 quis
1086 2788 1156 2831 ser-

192 2874 273 2935 mo?
298 2872 424 2935 Christi
448 2892 516 2952 quo
539 2872 630 2935 iacta
654 2884 734 2934 sunt
758 2876 882 2934 omnia.
901 2874 938 2935 Si
956 2894 1041 2957 ergo
1057 2884 1154 2937 tanta

193 2981 247 3040 vis
270 2988 323 3039 est
347 2981 380 3040 in
405 2998 560 3041 sermone
586 2980 724 3041 Domini
746 2980 828 3059 Jesu
842 2992 879 3042 ut
895 2983 1061 3061 reciperet
1076 3001 1154 3043 esse

192 3088 285 3165 quod
308 3105 375 3148 non
400 3097 481 3153 erat.
507 3096 635 3166 quanto
659 3088 772 3168 magis
803 3089 1002 3167 operativus
1032 3097 1095 3149 est
1116 3099 1155 3149 ut

192 3212 269 3273 quae
292 3204 398 3271 erant,
424 3194 458 3253 in
483 3193 574 3253 aliud
599 3204 851 3255 convertantur.

282 3406 345 3469 De
367 3407 544 3469 robertulo
569 3404 761 3468 Articulo
784 3407 861 3467 dico
886 3407 977 3487 quod
1001 3406 1061 3468 illa
1076 3427 1156 3469 con-

194 3516 306 3574 versio
330 3522 537 3593 competeret
554 3513 654 3574 alicui
668 3515 785 3595 agenti
796 3523 911 3575 creato
923 3522 960 3575 ut
971 3513 1153 3594 principali

193 3621 319 3699 agenti.
345 3618 450 3699 Cujus
475 3620 560 3680 ratio
584 3631 645 3688 est,
659 3622 740 3699 quia
756 3621 844 3680 actio
861 3630 1060 3700 competens
1076 3621 1153 3682 Deo
