2600 4200
331 867 654 975 Distinctio
693 867 848 974 XVI.

179 1083 249 1159 Ηίο
278 1083 413 1161 oritur
444 1083 633 1182 quaestio
663 1106 710 1159 ex
746 1083 1003 1182 praedictis...

264 1241 363 1307 Circa
386 1243 639 1306 Distinctionem
663 1243 715 1306 16.
739 1243 920 1324 quaeritur:

475 1401 650 1485 QUAESTIO
675 1404 698 1465 Ι.

193 1561 300 1616 Utrum
317 1519 451 1616 ¹Christus
469 1562 605 1617 habuerit
623 1562 820 1617 necessitatem
839 1565 987 1620 mortendt.

175 1705 311 1768 Videtur
325 1707 417 1788 quod
440 1727 516 1780 non,
533 1707 610 1788 quia
627 1727 715 1768 mors
730 1717 779 1770 est
795 1706 914 1770 inflicta
938 1719 1070 1792 propter

119 1822 298 1889 peccatum
322 1814 380 1876 sed
404 1814 436 1875 in
460 1812 590 1876 Christo
618 1833 685 1875 non
720 1812 781 1876 suit
804 1825 975 1896 peccatum
1011 1837 1070 1880 nec

118 1917 260 2000 originale
277 1941 335 1982 nec
362 1921 506 1995 actuale;
529 1941 609 2002 ergo
626 1941 692 1982 non
710 1920 823 1983 habuit
848 1923 1068 1986 necessitatem

119 2027 272 2088 moriendi.
285 2028 403 2110 nlajor
417 2026 585 2109 probatur,
599 2038 671 2091 tum
688 2026 765 2110 quia
781 2029 829 2089 ad
848 2029 1012 2092 Romanos
1034 2029 1067 2092 8.

117 2130 221 2195 dicitur
243 2156 363 2217 corpus
380 2143 548 2197 mortuum
560 2144 610 2197 est
626 2144 759 2216 propter
784 2146 954 2217 peccatum
969 2156 976 2211 ;
993 2146 1066 2200 tum

116 2239 182 2319 quia
208 2240 338 2305 Genesis
362 2260 394 2304 2.
412 2242 537 2315 dicitur,
562 2262 760 2324 quacunque
784 2241 863 2305 hora
885 2244 1064 2307 comederis

116 2364 154 2405 ex
173 2368 211 2408 eo
232 2358 302 2421 etc.;
327 2359 399 2411 tum
423 2348 500 2430 quia
524 2348 734 2430 Augustinus
758 2348 828 2410 Lib.
853 2349 893 2411 de
915 2361 1068 2413 retracta-

117 2451 191 2514 tione
213 2473 240 2516 1.
259 2456 336 2517 dicit
359 2455 490 2536 quodsi
515 2456 623 2517 nullus
645 2454 854 2535 delinqueret,
870 2457 976 2519 nullus
1001 2478 1067 2518 rno-

116 2569 235 2635 reretur,
257 2573 289 2624 et
311 2581 343 2644 4.
367 2562 406 2624 de
436 2562 524 2624 Trin.
550 2562 740 2643 dicitquod
766 2582 852 2625 mors
876 2571 924 2625 est
947 2562 1067 2626 inflicta

117 2663 228 2728 ratione
249 2669 400 2731 criminis.

175 2788 203 2833 2.
226 2774 392 2847 Praeterea,
409 2773 517 2837 anima
533 2775 653 2840 Christi
674 2774 734 2837 fuit
753 2775 964 2856 omnisciens;
985 2796 1065 2858 ergo

116 2872 168 2939 fuit
189 2880 391 2963 omnipotens
417 2882 494 2962 quia
528 2903 594 2944 non
618 2890 666 2944 est
691 2882 822 2945 minoris
857 2881 1062 2964 perfectionis

114 2985 214 3047 omnia
243 2989 324 3051 scire
350 3008 450 3070 quarn
486 2988 596 3051 omnia
631 3010 734 3071 posse.
761 2988 825 3053 Sed
853 2988 1060 3071 omnipotens

114 3097 211 3168 potest
231 3095 383 3176 repellere
406 3114 538 3187 omnern
562 3115 695 3157 causam
720 3095 853 3171 mortis;
877 3116 966 3177 ergo,

175 3213 203 3275 3.
223 3200 391 3277 Praeterea,
416 3200 586 3283 perfectior
608 3210 657 3264 est
678 3200 788 3263 anima
813 3201 931 3266 Christi
961 3223 1062 3284 quarn

113 3297 209 3366 forma
228 3309 322 3387 eoeli;
346 3310 403 3371 sed
427 3309 458 3370 in
475 3308 561 3371 coelo
585 3309 672 3371 nulla
695 3316 743 3370 est
766 3328 863 3371 causa
879 3304 1061 3391 corruptio-

115 3407 178 3483 nis;
199 3431 272 3497 ergo
295 3436 355 3479 nec
379 3414 411 3477 in
436 3416 546 3479 anima
569 3414 698 3479 Christi.

180 3515 300 3585 Contra.
325 3521 436 3586 Omne
457 3522 640 3605 generabile
656 3521 697 3584 de
720 3522 909 3585 necessitate
931 3530 979 3583 est
995 3541 1063 3584 cor-

116 3624 261 3707 mptibile,
271 3638 306 3692 ut
317 3637 408 3712 patet
423 3647 453 3693 1.
461 3629 536 3693 coeli
548 3640 660 3693 contra
677 3628 858 3707 Platonem
872 3627 929 3690 sed
944 3647 1063 3711 corpus
