2600 4200
222 282 407 350 Drsnucr.
433 284 551 348 XXIV
573 295 606 349 et
629 286 730 349 XXV
754 285 900 368 Qunsr.
926 288 956 351 11
1014 302 1077 368 179

144 398 404 409 ..ᾖ-*-

201 490 434 554 RESPONDEO.
452 491 488 553 ln
506 490 566 553 ista
577 492 760 574 quaestione
771 500 847 555 sunt
863 492 930 556 duo
946 492 1097 557 videnda.

141 593 245 659 Primo
267 597 323 679 qui
347 607 380 659 et
404 606 487 679 quot
510 606 586 661 sunt
608 598 733 661 articuli
750 596 834 661 fidei.
853 598 999 662 Secundo
1014 599 1098 682 prin-

139 700 232 783 cipale
253 704 442 785 quaesitum.

202 914 427 1001 Ouantum
462 918 528 984 ad
548 916 755 1000 primum
790 918 865 981 dico
898 920 989 1000 quod
1023 919 1097 981 arti-

137 1023 193 1083 culi
221 1023 295 1086 fidei
331 1032 389 1086 aut
423 1024 667 1106 distinguuntur
701 1024 882 1087 secundum
917 1025 1041 1089 credita
1062 1035 1096 1090 et

137 1126 177 1191 sic
198 1140 271 1192 sunt
293 1112 555 1213 quatuordecim}
572 1141 630 1193 aut
646 1130 891 1212 distinguuntur
913 1132 1096 1195 secundum

138 1246 284 1315 ponentes
299 1236 502 1318 symbolum,
520 1238 612 1299 etsie
628 1246 705 1299 sunt
720 1236 897 1299 duodecim
913 1238 1095 1301 secundum

138 1360 301 1405 numerum
327 1344 504 1407 duodecim
528 1339 783 1425 Apostolorum.

195 1445 380 1517 Primum
412 1458 503 1531 patet
533 1450 593 1512 sic:
630 1450 656 1512 si
694 1450 781 1513 enim
819 1450 945 1512 articuli
983 1450 1097 1513 distin-

135 1565 271 1636 guuntur
294 1557 478 1619 secundum
502 1556 632 1629 credita,
657 1565 714 1618 aut
738 1555 800 1618 hoc
823 1566 871 1619 est
900 1557 1024 1619 ratione
1046 1557 1096 1620 di-

134 1660 279 1725 vinitatis
301 1673 361 1725 aut
385 1664 509 1725 ratione
531 1672 710 1745 assumptae
734 1662 963 1725 humanitatis.
990 1663 1024 1726 Si
1048 1684 1097 1726 ra-

135 1768 215 1832 tione
243 1770 447 1843 divinitatis,
476 1778 554 1831 tunc
592 1778 670 1832 sunt
703 1778 839 1851 septem,
863 1770 941 1851 quia
963 1780 1022 1833 aut
1043 1780 1094 1834 est

132 1876 279 1939 articulus
302 1877 423 1939 divinae
447 1886 572 1939 naturae
607 1884 665 1938 aut
699 1885 775 1938 sunt
809 1876 934 1937 articuli
970 1877 1095 1939 ratione

134 2002 350 2062 personarum,
375 1991 431 2044 aut
454 1992 530 2045 sunt
552 1982 676 2045 articuli
701 1983 824 2045 ratione
859 1982 992 2044 effectus
1019 2002 1095 2063 pro-

134 2088 197 2170 prii.
222 2090 256 2154 Si
280 2090 406 2154 ratione
429 2090 548 2152 divinae
585 2098 721 2162 naturae,
746 2089 791 2152 sic
824 2099 874 2152 est
910 2110 994 2152 unus
1020 2089 1097 2152 arti·

130 2197 217 2259 culus
239 2198 378 2263 scilicet:
403 2198 500 2259 credo
524 2197 555 2258 in
581 2217 684 2259 unum
709 2197 828 2259 Deum.
854 2196 887 2260 Si
911 2206 1022 2258 autem
1046 2218 1095 2259 ra-

132 2301 215 2366 tione
237 2324 463 2386 personarum,
488 2303 533 2365 sic
556 2312 632 2365 sunt
666 2311 731 2365 tres
753 2303 877 2365 articuli
912 2304 1094 2366 secundum

129 2411 215 2488 quod
238 2420 306 2473 tres
336 2417 412 2473 sunt
444 2429 613 2490 personae;
649 2429 743 2482 unus
767 2408 866 2471 credo
900 2409 931 2470 in
965 2410 1094 2472 Patrem

128 2515 410 2599 omnipotentem;
445 2515 536 2588 alius,
568 2516 666 2578 credo
704 2515 736 2578 in
775 2516 886 2596 Jesum
926 2514 1093 2579 Christum

131 2620 246 2685 Filium
272 2623 334 2687 Dei
363 2622 569 2704 unigenitum
602 2622 784 2685 Dominum
808 2631 977 2698 nostrum;
1002 2622 1093 2697 alius,

126 2730 222 2792 credo
246 2731 281 2793 in
313 2729 472 2811 Spiritum
508 2728 658 2793 Santum.
683 2729 717 2792 Si
747 2737 859 2791 autem
894 2729 1094 2810 accipiantur

128 2833 159 2896 in
182 2836 307 2899 ratione
330 2835 464 2898 effectus
498 2835 618 2918 proprii
648 2835 720 2907 Dei,
744 2835 789 2897 sic
812 2844 888 2897 sunt
921 2844 986 2897 tres
1020 2836 1094 2898 arti-

124 2943 212 3018 =culi;
250 2963 335 3006 unus
373 2951 500 3022 spectat
537 2943 579 3004 ad
614 2942 830 3015 creationem,
865 2941 938 3003 ideo
977 2941 1094 3004 dicitur

126 3058 304 3112 creatorem
329 3049 403 3111 coeli
428 3058 460 3110 et
483 3057 598 3126 terrae;
622 3048 712 3110 alius
734 3057 859 3129 spectat
893 3050 936 3110 ad
971 3047 1094 3130 gratifi-

123 3154 297 3230 cationem,
319 3155 394 3218 ideo
418 3155 535 3218 dicitur
558 3155 656 3217 credo
678 3165 867 3217 sanctorum
892 3155 1094 3219 communio

125 3281 210 3337 nem,
249 3263 469 3325 remissionem
505 3271 733 3344 peccatorum;
768 3261 857 3323 alius
890 3271 1017 3343 spectat
1049 3262 1093 3324 ad

121 3368 406 3448 glorificationem,
438 3369 511 3431 ideo
545 3368 661 3430 dicitur
685 3368 789 3430 carnis
824 3368 1092 3431 resurrectionem

120 3483 156 3536 et
178 3476 281 3538 vitam
305 3485 474 3540 aeternam.
500 3476 623 3537 Amen.

192 3582 229 3646 Si
252 3592 362 3645 autem
386 3582 585 3665 accipiantur
615 3580 740 3644 articuli
772 3580 896 3644 ratione
918 3591 1094 3661 assumpte

120 3685 354 3763 humanitatis,
379 3689 423 3752 sic
447 3698 523 3752 sunt
558 3697 684 3771 septem
719 3687 844 3750 articuli
867 3687 930 3752 alii.
953 3685 1093 3749 Primus
