2600 4200
226 186 288 245 268
403 246 419 277 ⁹
440 182 514 243 Lm.
540 180 593 243 IV
617 180 924 243 Suurnnrmnuu

292 448 481 512 Samaria
508 446 725 511 Conclusio
749 448 950 529 principalis
983 456 1037 509 est
1072 449 1169 529 quod

200 554 385 617 honestum
424 566 478 616 est
519 556 561 615 ad
595 556 841 635 procreandam
879 554 1011 635 prolem
1051 556 1193 618 debite

201 663 412 725 educandam
435 681 563 723 marem
588 669 622 723 et
645 658 823 723 foeminam
857 670 1064 741 potestatem
1089 682 1167 724 suo-

201 788 277 831 rum
300 786 482 848 corporum
505 768 571 831 sibi
594 768 744 829 invicem
767 768 900 829 tradere
924 786 987 848 pro
1011 788 1076 831 usu
1092 789 1168 851 per·

200 885 315 957 petuo,
341 873 430 955 Quae
463 875 628 955 probatur
662 874 732 935 sic:
758 874 799 936 In
821 876 1041 937 matrimonio
1064 895 1168 957 expe-

201 982 252 1043 dit
263 1000 391 1043 marem
410 991 444 1043 et
455 980 632 1044 foeminam
649 1000 711 1061 per
725 982 882 1062 proprias
894 982 1092 1045 voluntates
1107 983 1167 1045 vel

201 1107 263 1170 per
273 1088 379 1150 verba
390 1088 446 1149 vel
457 1108 519 1169 per
530 1090 632 1169 signa
642 1090 871 1168 exprimentia
882 1106 1001 1151 eorum
1009 1089 1167 1152 volunta-

202 1205 255 1257 tes
271 1196 438 1277 obligari;
464 1195 525 1256 sed
548 1194 634 1256 illud
657 1214 725 1257 non
749 1192 788 1255 fit
800 1196 866 1255 nisi
878 1213 940 1274 per
951 1204 1166 1259 contractum

202 1302 292 1364 unde
316 1304 469 1363 nascitur
491 1302 660 1383 obligatio
685 1301 901 1363 voluntatum
918 1302 1023 1363 maris
1047 1311 1082 1364 et
1105 1300 1167 1365 foe·

203 1410 329 1479 minae;
354 1409 419 1470 iste
443 1418 556 1470 autem
581 1415 778 1469 contractus
802 1426 870 1471 non
894 1417 947 1469 est
962 1408 1029 1469 nisi
1046 1418 1168 1471 mutua

202 1516 342 1577 donatio
366 1516 547 1595 potestatis
571 1533 751 1595 corporum
787 1523 953 1595 perpetuo
988 1515 1032 1577 ad
1065 1515 1165 1579 illum

203 1631 336 1693 actum;
361 1622 478 1703 igitur,
502 1630 566 1683 etc.
591 1621 751 1682 Probatur
775 1624 820 1681 sic
848 1622 976 1698 ntajor:
1000 1623 1082 1703 quia
1105 1624 1169 1685 illa

202 1728 332 1790 oblatio
356 1729 412 1789 vel
435 1730 587 1790 nascitur
618 1748 663 1790 ex
698 1728 918 1808 impositione
951 1728 1166 1811 legislatoris

201 1834 259 1897 vel
281 1854 328 1896 ex
350 1836 499 1914 propriis
524 1835 780 1906 voluntatibus;
806 1835 867 1896 sed
898 1835 1087 1899 secundum
1110 1845 1166 1899 est

202 1943 316 2023 magis
339 1941 459 2003 utilius
482 1951 516 2003 et
527 1942 641 2023 magis
657 1960 846 2003 consonum
864 1940 1010 2002 naturali
1028 1944 1164 2015 rationi,

203 2050 285 2130 quia
307 2066 353 2110 ex
386 2067 455 2130 quo
489 2049 619 2110 oblatio
653 2048 753 2112 debet
789 2066 866 2110 esse
901 2048 1163 2123 indissolubilis,

203 2153 344 2236 expedit
359 2156 452 2237 quod
474 2156 597 2218 modus
613 2175 683 2237 quo
705 2153 754 2226 fit,
779 2157 825 2217 sit
840 2159 1051 2219 conveniens
1063 2158 1167 2220 indis-

204 2262 406 2325 solubilitati
430 2263 523 2342 ejus;
547 2262 608 2324 sed
636 2263 666 2324 si
690 2272 897 2344 cogerentur
920 2283 941 2324 a
963 2263 1165 2346 legislatore

203 2369 270 2432 sibi
293 2370 456 2451 conjungi
480 2371 595 2432 minus
618 2370 684 2431 sibi
708 2369 894 2450 placerent,
918 2379 953 2432 et
984 2372 1034 2432 sic
1057 2371 1167 2451 major

204 2485 295 2538 esset
318 2477 454 2539 occasio
477 2476 704 2538 dissensionis
738 2473 874 2548 lutum,
899 2478 981 2556 quia
1002 2477 1093 2539 sicut
1117 2477 1166 2539 di·

203 2584 293 2646 citur
314 2603 365 2645 20.
383 2588 489 2662 quast.
504 2602 557 2660 3..·
578 2601 735 2663 praesens
758 2583 851 2662 quod
867 2584 945 2664 quis
962 2603 1030 2645 non
1046 2584 1166 2666 elegit,

203 2689 358 2771 prolecto
382 2709 451 2751 non
473 2690 600 2772 diligit,
624 2689 718 2770 quod
741 2699 856 2751 autem
886 2708 955 2751 non
978 2691 1095 2772 diligit
1118 2688 1168 2752 fa-

204 2797 269 2860 cile
292 2797 490 2859 contemnit.

295 3027 437 3090 [Μία
452 3026 682 3102 Commio,
695 3027 796 3108 quod,
814 3027 955 3098 scilicet,
971 3045 1167 3110 congruum

204 3143 257 3197 est
279 3133 498 3196 dilectionem
522 3135 623 3196 istam
647 3143 802 3196 mutuam
826 3154 847 3195 a
870 3133 946 3196 Deo
970 3135 1166 3215 approbari,

204 3241 369 3322 probatur
391 3241 461 3302 sic:
486 3240 615 3303 Nullus
637 3249 753 3322 potest
776 3259 848 3303 rem
873 3241 1018 3321 alicujus
1034 3241 1167 3304 domini

204 3348 302 3429 alteri
326 3347 491 3429 obligare,
517 3348 583 3410 nisi
607 3347 649 3410 de
673 3367 843 3411 consensu
867 3357 902 3410 et
917 3347 1168 3429 approbatione

204 3454 356 3533 ejusdem
368 3453 512 3528 domini;
530 3455 591 3516 sed
603 3473 728 3536 corpus
738 3455 972 3536 cujuscunque
980 3456 1057 3536 jure
1075 3473 1169 3516 crea·

205 3561 310 3623 tionis
322 3570 374 3623 est
385 3561 466 3635 Dei;
487 3563 596 3645 igitur
615 3561 731 3624 nullus
750 3571 864 3642 potest
883 3561 970 3624 illud
981 3558 1167 3624 transferre
