2600 4200
253 277 297 351 84
484 273 558 336 Lm.
583 273 629 335 111
654 271 946 335 Ssu'rurrrrnnun

1086 389 1181 398 -—-—.

228 480 401 560 cujuslibet
422 479 555 559 justitiae
571 489 621 542 est
635 478 804 559 disciplina
823 477 854 538 in
871 497 910 539 eo
941 476 1031 558 quod
1054 476 1191 538 bonum.
1292 510 1293 532 r

297 587 359 649 Est
375 597 486 648 autem
510 585 679 667 diligenter
703 584 885 646 notandum
906 593 1038 665 propter
1054 583 1193 645 dicenda

230 694 321 775 quod
344 693 522 776 propositio
549 692 670 774 inqua
698 691 829 772 ponitur
864 700 978 753 natura
1012 689 1192 770 reduplica-

229 801 326 863 tionis
349 809 456 882 potest
478 799 642 880 distingui,
656 819 699 860 ex
722 819 761 859 eo
785 797 875 879 quod
910 805 1024 858 natura
1052 795 1191 878 redupli-

229 907 365 970 cationis
400 915 507 988 potest
540 905 641 968 teneri
678 904 815 986 positive
844 903 895 966 vel
930 903 1097 985 privative,
1110 903 1192 965 etsi

230 1022 357 1076 tenetur
381 1013 527 1093 positive,
541 1012 673 1073 ulterius
696 1020 744 1073 est
768 1011 870 1072 oratio
894 1009 1066 1091 multiplex
1089 1031 1193 1072 exeo

229 1121 320 1201 quod
346 1119 446 1181 dictio
470 1118 703 1199 reduplicativa
727 1125 834 1198 potest
857 1117 956 1179 teneri
979 1117 1194 1199 sprcr'ficatiru

230 1227 281 1288 vel
304 1225 546 1306 reduplicative.
572 1224 606 1287 Si
629 1233 757 1286 tenetur
788 1223 1017 1304 reduplicative
1049 1223 1111 1285 hoc
1145 1232 1199 1284 est

231 1333 412 1414 dupliciter,
427 1333 507 1414 quia
531 1331 741 1412 reduplicatio
772 1330 947 1412 aliquando
970 1331 1047 1392 dicit
1074 1349 1193 1392 conco·

232 1440 413 1502 mitantiam
439 1448 474 1500 ut
498 1459 574 1501 cum
609 1439 726 1500 dicitur
762 1438 810 1500 lac
834 1438 865 1498 in
889 1457 929 1499 eo
952 1439 1041 1518 quod
1073 1437 1122 1498 lac
1145 1446 1195 1498 est

230 1548 335 1619 dulce,
359 1547 537 1629 aliquando
560 1566 637 1607 vero
661 1544 738 1607 dicit
762 1543 930 1606 formalem
964 1544 1121 1605 rationem
1146 1543 1193 1604 in·

231 1653 397 1715 haerentiae
433 1651 600 1734 praedicati
635 1652 677 1712 ad
701 1651 896 1732 subjectum.
931 1650 1132 1731 exemplum,
1158 1659 1195 1711 ut

230 1780 306 1822 cum
331 1759 451 1822 dicitur
475 1759 524 1822 lac
547 1758 580 1820 in
602 1777 643 1820 eo
666 1758 757 1838 quod
780 1767 829 1820 est
851 1757 963 1820 album
987 1756 1163 1839 disgregat.

305 1973 530 2059 (tuomum
570 1972 635 2039 ad
668 1971 909 2038 seeundum
940 1969 1193 2037 Artr'oulrmr

232 2081 307 2143 dico
331 2090 395 2143 tres
419 2078 651 2142 conclusiones.

297 2184 439 2254 Prima
464 2187 554 2267 quod
578 2187 630 2248 illa
645 2186 833 2267 propositio:
853 2185 1000 2251 Christus
1012 2184 1193 2247 secundum

231 2294 322 2375 quod
345 2294 448 2355 homo
482 2302 530 2355 est
564 2312 711 2374 persona,
736 2314 802 2355 non
826 2302 874 2355 est
897 2292 1083 2375 simpliciter
1107 2312 1193 2365 vera,

231 2402 288 2463 sed
311 2411 360 2463 est
382 2400 611 2481 distinguenda
633 2409 666 2460 et
689 2399 898 2481 distinguitur
921 2399 1101 2481 dupliciter.

298 2508 417 2570 Primo
440 2506 533 2569 modo
556 2506 609 2568 sic.
635 2506 692 2568 Illa
728 2505 938 2587 reduplicatio
976 2506 1007 2567 in
1041 2504 1196 2586 eoquod

231 2614 333 2677 homo
355 2622 412 2675 aut
434 2612 512 2675 dicit
535 2613 823 2675 concomitantiam
844 2622 875 2675 et
907 2622 987 2675 tunc
1012 2612 1195 2693 propositio

230 2731 279 2783 est
302 2741 378 2784 vera
401 2720 462 2781 sub
486 2740 580 2781 sensu
605 2718 762 2794 Christus,
776 2719 808 2781 in
831 2730 992 2801 quantum
1016 2718 1195 2791 ‘homoest

231 2847 378 2909 persona,
392 2826 473 2887 idest
486 2824 634 2889 Christus
648 2827 704 2906 qui
721 2833 769 2888 est
782 2825 883 2888 homo
894 2844 959 2907 'per
976 2825 1195 2888 concomitan—

231 2934 311 2996 tiam
342 2932 500 3015 suppositi
525 2931 623 2993 divini
646 2942 695 2994 est
719 2953 865 3013 persona.
890 2931 970 2995 Alio
1006 2933 1106 2994 modo
1141 2932 1194 2993 illa

232 3038 443 3122 reduplicatio
466 3047 574 3120 potest
597 3038 703 3100 dicere
726 3060 858 3101 causam
886 3038 1085 3101 inhaerentiae
1110 3056 1193 3119 prae-

232 3146 329 3209 dicati
352 3146 394 3207 ad
429 3144 622 3226 subjectum,
635 3155 670 3206 et
692 3145 737 3207 sic
760 3146 813 3207 illa
829 3144 1028 3227 propositio;
1047 3144 1193 3208 Christus

232 3254 265 3315 in
288 3262 449 3334 quantum
473 3251 584 3325 hom0,
600 3262 649 3314 est
672 3272 819 3333 persona,
833 3260 881 3315 est
904 3250 991 3326 salsa,
1016 3250 1092 3333 quia
1125 3272 1193 3313 esse

234 3360 402 3421 hominem
426 3379 492 3419 non
516 3367 563 3420 est
587 3358 717 3421 Christo
741 3378 839 3421 causa
862 3358 986 3420 essendi
1011 3378 1190 3440 personam.

301 3465 446 3529 Secundo
480 3466 571 3527 niodo
605 3465 814 3547 distinguitur
849 3466 901 3527 illa
925 3464 1104 3547 propositio
1126 3464 1190 3525 sic:

233 3593 309 3634 cum
333 3572 448 3633 dicitur
473 3570 620 3633 Christus
635 3572 668 3634 in
691 3593 730 3634 eo
754 3572 844 3653 quod
857 3572 968 3645 homo,
993 3580 1049 3633 aut
1067 3570 1194 3653 respicit

233 3677 449 3757 aptitudinem
466 3686 523 3737 aut
538 3685 663 3739 actum.
681 3678 713 3741 Si
731 3678 860 3760 respicit
870 3679 1099 3759 aptitudinem,
1116 3688 1192 3741 tunc
