2600 4200
308 265 500 328 Disrrxcrx
525 266 607 328 XIV
632 264 778 346 QvAEsr.
804 266 817 327 Ι
1003 283 1064 345 109

122 470 158 530 sit
188 480 258 533 tota
292 472 379 533 ratio
401 480 549 552 respectu
584 470 685 553 ipsius
712 468 757 544 C„
782 469 807 532 si
836 469 1016 532 intellectus
1041 471 1087 542 Β,

99 595 181 638 ·non
213 577 468 659 comprehendit
491 579 543 649 A„
569 577 676 639 multo
708 577 812 658 magis
836 577 1018 639 intellectus
1048 575 1086 646 C.

124 702 180 744 non
202 683 455 764 comprehendit
468 685 509 747 Α.
523 684 585 746 Vel
598 704 656 764 per
668 683 730 745 alia
745 682 845 745 verba
861 683 1005 756 clariora,
1031 705 1085 746 ac-

123 787 248 870 cipiatur
283 791 472 870 subjectum
508 801 541 852 et
568 791 675 873 passio
711 790 896 872 propinqua
919 799 952 852 et
976 791 1086 871 passio

122 907 258 972 remota;
294 897 321 958 si
362 899 470 978 passio
505 896 690 979 propinqua
729 916 794 958 non
833 895 1084 977 comprehendit

122 1002 307 1082 subjectum,
334 1005 480 1085 sequitur
503 1004 594 1085 quod
619 1024 678 1065 nec
713 1003 819 1085 passio
855 1012 1001 1080 remota;
1027 1005 1086 1072 sed

122 1121 258 1190 respectu
284 1111 349 1172 Dei
374 1131 443 1171 esse
467 1109 629 1172 inlinitum
654 1110 810 1172 intensive
826 1121 858 1171 et
874 1131 942 1171 esse
967 1109 1085 1192 inquo

120 1213 234 1278 infinita
246 1217 414 1298 possibilia
428 1218 580 1289 relucent,
590 1237 624 1278 se
636 1215 758 1278 habent
772 1217 927 1288 ordinate,
940 1217 982 1278 ita
991 1217 1082 1297 quod

120 1321 190 1401 quia
203 1333 251 1386 est
267 1323 415 1385 infinitus
428 1324 585 1386 intensive
596 1323 670 1386 ideo
687 1322 811 1384 infinita
828 1323 989 1404 possibilia
1003 1323 1083 1386 relu-

121 1439 186 1490 cent
197 1430 228 1492 in
240 1451 291 1504 e0,
302 1431 360 1492 sed
374 1432 457 1491 bene
469 1430 580 1491 vident
592 1428 755 1492 infinitum
770 1429 925 1491 intensive
938 1450 997 1490 nec
1010 1449 1082 1510 pro-

90 1565 93 1568 *
120 1543 183 1614 pter
206 1536 270 1599 hoc
286 1537 397 1618 ipsum
422 1535 726 1617 comprehendunt3
750 1557 829 1617 ergo
846 1557 911 1598 non
936 1536 1081 1616 sequitur

119 1643 199 1720 quod
222 1643 248 1704 si
284 1643 403 1724 aliquis
438 1643 525 1704 videt
560 1642 670 1704 omnia
705 1663 780 1724 quae
805 1644 946 1704 relucent
973 1643 1005 1704 in
1030 1663 1080 1718 e0,

118 1749 199 1826 quod
223 1750 334 1830 ipsum
360 1749 627 1830 comprehendat.

176 1855 257 1916 Item
282 1865 400 1918 contra
424 1856 665 1918 distinctionem
689 1876 755 1938 qua
778 1856 913 1918 solvitur
941 1857 1080 1936 quaestio

117 1963 255 2041 arguitur
277 1964 344 2024 sic:
362 1963 517 2024 Possibile
539 1963 695 2044 estquod
711 1963 819 2024 anima
837 1962 955 2026 Christi
972 1962 1082 2029 videat

117 2065 241 2149 aliquod
264 2069 421 2152 possibile
444 2067 593 2131 futurum
617 2078 698 2151 puta
721 2069 862 2131 animam
884 2067 1079 2133 Antichristi

116 2177 305 2252 creandam3
331 2197 412 2257 ergo
435 2197 501 2237 non
529 2176 662 2258 ponitur
697 2176 830 2258 praecise
865 2176 1023 2238 terminus
1047 2176 1079 2239 in

117 2282 296 2362 cognitione
322 2302 436 2343 eorum
460 2304 535 2363 quae
560 2283 651 2345 Deus
675 2282 766 2345 novit
788 2284 920 2345 scientia
947 2283 1081 2347 visionis

116 2389 291 2451 secundum
319 2388 561 2451 distinctionem
584 2389 732 2470 superius
756 2387 886 2451 laetam.

174 2600 279 2667 Alia
305 2605 375 2665 eal
396 2602 548 2684 opinio
571 2600 701 2663 Henrici
726 2602 767 2663 de
790 2600 960 2675 Gandavo,
986 2604 1077 2683 quod

115 2706 216 2769 anima
239 2708 362 2772 Christi
386 2708 555 2789 cognoscit
578 2707 688 2769 omnia
716 2706 799 2771 lacta
823 2718 855 2770 et
879 2707 996 2781 fienda,
1010 2730 1077 2773 non

115 2812 240 2892 quidem
264 2814 455 2895 cognitione
477 2814 605 2887 actuali,
619 2814 676 2877 sed
700 2813 872 2889 habituali;
891 2816 977 2876 unde
1001 2836 1077 2896 que-

115 2920 328 2983 madmodum
352 2922 483 3001 ponitur
506 2921 587 2983 visio
610 2920 745 2983 actualis
768 2932 800 2983 et
824 2921 1006 2991 habitualis,
1032 2922 1077 2985 ita

113 3025 217 3089 anima
242 3027 364 3090 Christi
388 3028 477 3089 videt
499 3029 610 3089 omnia
633 3048 709 3110 quae
733 3028 822 3091 videt
834 3028 983 3090 Verbum
1008 3048 1075 3093 non

113 3132 239 3210 quidem
274 3133 463 3209 actualiter,
499 3134 556 3196 sed
587 3133 792 3197 habitualiter
835 3157 892 3216 per
922 3135 1074 3198 habitum

112 3237 225 3301 animae
266 3238 387 3302 Christi
425 3248 645 3314 concreatum,
680 3242 770 3322 quod
806 3242 987 3305 declaratur
1011 3243 1073 3305 sic:

113 3340 219 3406 Virtus
244 3344 336 3407 finita
359 3346 539 3407 distinctius
562 3346 651 3409 videt
666 3347 733 3409 duo
754 3369 853 3428 quam
877 3349 948 3422 tria,
965 3355 997 3409 et
1014 3348 1074 3410 tria

112 3468 206 3527 quarn
230 3452 398 3534 quinque3
434 3473 513 3534 ergo
548 3452 655 3515 minus
689 3454 840 3517 distincte
863 3455 951 3516 videt
988 3454 1074 3517 mille

111 3573 205 3635 quam
230 3566 387 3639 centum3
411 3559 468 3620 sed
502 3558 611 3620 anima
643 3558 761 3624 Christi
797 3560 895 3623 habet
920 3560 1073 3625 virtutem
