2600 4200
116 254 300 317 Discrucr.
326 254 490 318 XXXVII
513 264 546 318 et
570 254 751 318 XXXVIII
776 254 923 337 QuAEsr.
949 257 962 319 I
995 210 1054 336 a41

115 470 315 541 praeceptum
353 470 402 522 est
440 469 553 523 contra
594 470 831 523 nocumentum
866 462 982 543 operis,
1019 462 1082 525 hoc

113 567 270 649 contingit
287 567 462 649 tripliciter,
475 567 552 648 quia
570 568 620 629 vei
636 576 687 629 est
702 576 817 629 contra
841 577 1079 631 nocumentum

114 672 216 753 operis
239 674 272 735 in
292 674 463 755 propriam
482 685 656 754 personam
691 673 844 754 proximi,
868 684 947 736 tunc
983 675 1082 737 datur

116 778 175 843 hoc
198 789 419 862 praeceptum:
452 801 518 842 non
542 780 679 844 occides.
705 780 767 841 Vei
801 790 850 842 est
880 790 995 843 contra
1029 802 1083 844 no-

115 895 304 949 cumentum
328 888 435 968 operis
457 888 489 949 in
508 898 680 968 personam
704 888 921 969 conjunctam,
945 898 978 967 et
1001 895 1082 949 tunc

115 994 205 1056 datur
229 994 296 1057 hoc
331 1002 551 1075 praeceptum:
588 1013 654 1056 non
690 992 922 1057 moechaberIs.
949 994 1010 1056 Vei
1034 1003 1083 1057 est

116 1110 223 1163 contra
248 1110 485 1163 nocumentum
517 1100 622 1181 operis
646 1100 678 1161 in
702 1121 737 1161 re
759 1099 845 1171 utili,
870 1110 961 1177 tunc,
986 1100 1082 1165 datur

116 1207 190 1269 illud
213 1192 436 1289 praeceptum:
462 1228 526 1268 non
543 1206 667 1269 furtum
683 1204 789 1269 facies.
815 1206 848 1269 Si
871 1216 983 1268 autem
1000 1226 1082 1288 prae-

117 1322 243 1394 ceptum
268 1314 401 1375 ordinat
423 1313 589 1375 hominem
613 1312 656 1373 ad
680 1312 871 1393 proximum
887 1321 1001 1374 contra
1024 1333 1079 1375 no·

116 1430 302 1483 cumentum
328 1420 402 1491 orie,
426 1429 504 1481 tunc
539 1420 635 1481 datur
671 1418 733 1479 hoc
769 1428 988 1499 praeceptum:
1014 1439 1080 1481 non

118 1525 229 1589 salsum
269 1526 492 1589 testimonium
528 1526 624 1587 diceS.
662 1524 695 1588 Si
731 1534 842 1588 autem
877 1535 1080 1607 praeceptum

117 1634 240 1695 ordinat
256 1634 426 1696 hominem
443 1633 484 1694 ad
502 1632 693 1713 proximum
710 1640 824 1693 contra
841 1625 1077 1693 nocumentum

118 1741 227 1811 cordis,
241 1740 305 1804 hoc
330 1740 492 1821 contingit
516 1738 687 1819 dupliciter
711 1737 794 1800 sicut
818 1746 893 1799 sunt
916 1738 983 1799 duo
1006 1758 1081 1819 quae

118 1857 249 1926 possunt
272 1848 372 1910 corde
395 1846 590 1927 concupisci,
616 1855 696 1927 puta
728 1866 777 1905 res
811 1844 1009 1907 delectabilis
1031 1847 1080 1907 vei

119 1974 163 2015 res
186 1955 288 2016 utilis.
314 1953 348 2017 Si
384 1962 431 2015 est
466 1974 515 2014 res
549 1951 747 2013 delectabilis
780 1952 877 2012 datur
912 1950 975 2012 hoc
999 1972 1081 2031 prae-

118 2070 262 2142 ceptum:
289 2081 354 2124 non
387 2058 598 2141 concupiscas
634 2078 773 2121 uxorem
797 2056 939 2139 proximi
963 2057 1019 2120 tui.
1046 2056 1079 2120 Si

119 2179 221 2230 autem
249 2178 299 2230 est
335 2188 384 2229 res
418 2167 504 2228 utilis
538 2167 633 2228 datur
670 2165 733 2227 hoc
768 2175 989 2245 praeceptum:
1015 2185 1079 2226 non

119 2277 325 2357 concupiscas
348 2295 397 2336 res
421 2273 562 2355 proximi
586 2272 643 2345 tui,
669 2292 733 2334 non
766 2292 905 2343 servum,
930 2292 996 2333 non
1020 2292 1075 2333 an-

120 2381 231 2454 cillam,
256 2392 318 2445 etc.

187 2597 415 2682 Quanmm
450 2595 515 2660 rrrl
544 2592 785 2659 reccaredum
827 2590 1076 2655 Articulum

120 2711 188 2764 sunt
210 2713 275 2765 tres
289 2703 378 2765 modi
403 2701 540 2764 dicendi.
560 2700 649 2764 Unus
672 2698 805 2779 Josephi
817 2699 873 2779 qui
897 2697 1075 2777 dicitquod

119 2809 257 2890 quinque
282 2817 446 2891 praecepta
470 2815 561 2868 erant
578 2806 608 2868 in
634 2809 738 2887 prima
750 2805 861 2865 tabula
883 2814 915 2864 et
932 2803 1076 2884 quinque

121 2913 148 2975 in
170 2917 321 2978 secunda.
346 2915 445 2977 Alius
468 2915 581 2976 modus
603 2911 736 2975 dicendi
767 2917 816 2972 est
847 2910 997 2990 Origenis
1019 2910 1074 2991 qui

121 3019 304 3104 dicitquod
329 3032 469 3103 quatuor
486 3029 649 3102 praecepta
673 3027 765 3080 erant
789 3017 819 3079 in
837 3017 941 3098 prima
964 3015 1075 3077 tabula

121 3136 149 3188 et
169 3149 226 3190 sex
250 3130 282 3191 in
308 3129 463 3192 secunda.
493 3126 618 3190 Tertius
643 3126 755 3186 modus
778 3123 909 3186 dicendi
930 3131 978 3183 est
1001 3122 1073 3184 Au-

123 3216 235 3314 gustini
259 3237 316 3318 qui
341 3235 417 3296 dicit
440 3236 530 3316 quod
555 3233 613 3295 tria
631 3241 795 3314 praecepta
818 3239 909 3291 crant
925 3229 957 3290 in
974 3229 1078 3309 prima

122 3341 224 3404 tabula
248 3323 386 3406 scilicet:
411 3362 476 3404 non
502 3340 635 3402 habebis
659 3340 737 3400 deos
760 3338 890 3408 alienos,
917 3355 1079 3397 nonassu-

124 3465 184 3510 met
206 3469 328 3512 nornen
354 3448 415 3510 Dei
439 3447 485 3509 tui
503 3448 534 3510 in
558 3467 681 3508 vanum
705 3452 915 3506 etmcmento
941 3451 976 3502 ut
992 3441 1077 3502 diem

121 3555 237 3617 subbati
261 3553 450 3620 sanctifices.
478 3554 613 3635 Reliqua
637 3561 749 3614 autern
773 3559 898 3630 septem
926 3557 1019 3609 erant
1045 3547 1075 3606 in

972 3781 1000 3822 16
