2600 4200
362 321 551 384 Drsnncr.
574 321 603 382 L
626 320 778 401 Quasi,
798 321 850 383 III
1001 341 1063 400 405

121 502 250 581 cuique
273 502 460 562 secundum
485 519 589 581 opera
611 520 682 562 sua.
702 537 742 544 -
760 501 826 561 Sed
837 501 971 560 diceres:
995 500 1087 561 unde

120 616 180 668 est
203 609 269 669 ista
292 607 532 688 inaequalitas?
559 607 647 668 Dico
682 607 774 687 quod
809 626 876 668 non
912 625 957 668 ex
990 617 1088 686 parte

121 713 259 792 objecti,
284 716 367 793 quia
388 693 563 794 obiectum'
590 722 643 774 est
677 714 880 793 simpliciter
914 732 1019 774 unum
1054 723 1089 776 et

127 818 319 891 infinitum;
344 819 405 881 sed
429 839 473 880 ex
496 829 593 900 parte
616 819 755 882 habitus
789 817 997 900 perficientis
1031 838 1089 900 po-

124 928 268 987 tentiam
293 927 494 987 sensitivam
518 934 552 986 et
575 926 762 987 charitatis,
788 925 858 988 Ubi
886 927 977 986 enim
1002 925 1088 987 illud

124 1033 333 1112 principium
356 1041 409 1094 est
432 1033 603 1113 inaequale
619 1034 667 1094 ibi
684 1031 801 1094 fruitio
817 1043 870 1094 est
887 1032 1086 1113 inaequalis;

123 1138 187 1199 sed
211 1140 246 1198 in
270 1139 449 1200 animabus
473 1139 650 1200 beatorum
675 1157 743 1200 non
767 1149 821 1200 est
844 1139 988 1219 aequalis
1012 1139 1089 1200 cha·

125 1245 221 1315 ritas,
245 1264 331 1327 ergo
355 1264 417 1306 nec
440 1244 586 1325 aequalis
609 1243 737 1307 fruitio,
763 1244 800 1308 Si
825 1255 939 1307 autem
975 1245 1090 1327 gloria

125 1351 266 1431 respicit
289 1369 424 1431 corpus,
448 1361 529 1413 tunc
553 1361 606 1413 est
630 1352 913 1434 distinguendum
938 1352 980 1414 de
1004 1352 1089 1414 doti·

121 1457 191 1518 bus
214 1459 367 1538 corporis
391 1477 470 1538 quae
494 1467 575 1520 sunt
598 1467 755 1539 quatuor,
780 1458 910 1521 scilicet
934 1459 1088 1539 impassi-

125 1563 252 1635 bilitas,
276 1565 460 1634 subtilitas‚
486 1565 626 1647 agilitas
660 1577 695 1626 et
729 1565 876 1627 claritas.
901 1565 941 1627 In
976 1566 1087 1627 tribus

124 1671 247 1750 primis
270 1681 323 1732 est
346 1671 538 1751 aequalitas,
562 1672 623 1733 sed
647 1673 682 1733 in
706 1681 828 1753 quarta
850 1671 929 1734 dote
953 1681 1088 1733 nonest

121 1776 317 1857 aequalitas,
342 1778 432 1839 sicut
454 1779 659 1840 determinat
676 1777 869 1858 Apostolus
893 1797 920 1839 r.
944 1779 989 1838 ad
1014 1778 1083 1839 Cor.

123 1900 173 1960 15.
198 1884 256 1944 ubi
281 1885 364 1945 dicit
387 1885 480 1965 quod
504 1885 571 1945 alia
594 1894 647 1946 est
663 1885 802 1946 claritas
819 1884 913 1953 solis,
932 1885 1000 1945 alia
1023 1884 1089 1945 cla·

125 1990 211 2051 ritas
234 1989 337 2060 lunae,
361 1991 430 2052 alia
460 1990 646 2060 stellarum,
672 1991 773 2053 stella
807 1993 896 2051 enim
931 1988 1045 2052 differt
1068 2011 1089 2051 a

122 2096 227 2159 stella
249 2099 283 2158 in
307 2097 471 2168 claritate,
497 2100 546 2160 sic
569 2108 604 2160 et
627 2099 831 2160 resurrectio
862 2107 1085 2159 mortuorum.

216 2290 277 2353 AD
314 2306 588 2355 ARGUMENTUM
624 2296 657 2353 in
688 2295 893 2360 contrarium,
936 2292 1087 2355 concedo

123 2399 221 2479 quod
243 2417 347 2478 poena
369 2399 550 2479 cujuslibet
573 2400 724 2461 damnati
749 2407 802 2460 est
825 2398 957 2460 infinita
972 2408 1090 2461 exten·

124 2506 212 2573 sive,
236 2513 270 2566 et
294 2506 328 2565 in
352 2505 417 2565 hoc
440 2516 493 2567 est
516 2506 707 2586 aequalitas‚
726 2506 786 2567 sed
803 2506 837 2566 in
850 2505 927 2567 aliis
939 2516 992 2567 est
1008 2508 1089 2567 inae·

123 2610 275 2691 qualitas
299 2619 337 2672 ut
359 2620 462 2692 patet.

471 2856 654 2939 Quasuo
678 2856 740 2919 III.

240 3002 298 3063 Ad
317 3003 442 3063 tertiam
469 3003 679 3077 Quoestzonem
703 3002 748 3060 sic
765 2999 967 3077 proceditur:

216 3159 364 3222 Videtur
386 3161 479 3242 quod
501 3160 592 3221 beati
616 3178 685 3220 non
709 3158 849 3219 videant
860 3171 981 3238 poenas
998 3158 1090 3219 dam·

127 3276 294 3337 natorum,
318 3268 401 3347 quia
423 3265 509 3327 nihil
533 3266 669 3327 videtur
702 3285 724 3327 a
758 3273 913 3326 creatura
944 3266 978 3325 in
1011 3264 1088 3327 Deo

126 3374 194 3435 nisi
217 3374 310 3453 quod
332 3371 435 3434 habet
458 3373 569 3435 ideam
593 3373 627 3433 in
644 3372 734 3443 Deo;
752 3372 813 3435 sed
829 3390 933 3451 poena
948 3389 1026 3433 cum
1042 3373 1090 3433 sit

126 3481 275 3561 privatio
298 3487 334 3541 et
362 3479 502 3549 malum,
537 3498 606 3541 non
640 3478 744 3540 habet
778 3477 888 3540 ideam
924 3479 959 3539 in
991 3476 1088 3550 Deo;

122 3604 221 3668 ergo.

217 3692 256 3753 In
278 3694 472 3753 contrarium
495 3702 549 3754 est
572 3690 743 3774 Magister
765 3693 799 3751 in
822 3693 923 3753 litera.
