2600 4200
367 273 554 340 Drsrmcr.
580 273 628 336 IX
653 272 801 354 QuAEsr.
827 276 841 337 1
1035 291 1077 356 79

118 479 287 550 Christus,
303 481 488 541 secundum
501 489 653 542 naturam
668 479 860 556 humanam,
873 490 921 544 est
933 489 1096 556 creatura3

119 607 216 669 ergo.

193 709 223 770 3.
249 693 424 762 Praeterea,
448 693 556 774 glossa
575 715 672 775 super
697 695 775 756 illud
800 693 935 756 Psalmi:
964 695 1097 756 adorate

121 800 307 860 scabellum
332 800 456 880 pedum
479 800 558 880 ejus
581 821 656 875 non,
682 800 795 882 inquit,
829 801 881 863 illa
904 801 1097 863 adoratione

122 927 205 987 quae
228 906 324 967 latria
346 916 406 968 est.
433 906 435 910 ’

197 1014 238 1074 In
262 1013 466 1075 contrarium
489 1023 538 1076 est
561 1015 718 1097 Magister
741 1015 773 1078 in
800 1015 900 1076 litera.

196 1120 238 1181 ΙΝ
263 1133 345 1182 ISTA
376 1133 606 1196 QUAESTIONE,
625 1121 736 1202 primo
768 1123 968 1203 praemittam
994 1143 1093 1184 unam

123 1227 382 1298 distinctionem,
406 1229 541 1290 secundo
564 1229 671 1291 dicam
696 1229 739 1290 ad
763 1229 991 1310 quaestionem.

204 1437 430 1522 Qecanlum
455 1441 520 1505 cul
532 1441 737 1524 primum
762 1442 836 1503 dico
870 1442 960 1523 quod
983 1443 1098 1504 adora·

124 1547 174 1607 tio
198 1557 249 1608 est
271 1547 451 1627 dupliciter,
465 1548 585 1610 scilicet
607 1549 757 1610 adoratio
777 1559 878 1628 perse
902 1558 933 1610 et
946 1550 1095 1610 arlurnlr'n

119 1667 186 1734 per
206 1654 366 1715 accidens.
391 1655 473 1715 ltem
485 1655 632 1718 adoratio
646 1676 702 1737 per
727 1676 760 1717 se
784 1655 1003 1737 distinguitur,
1018 1657 1094 1738 quia

125 1771 177 1822 est
200 1761 351 1822 adoratio
369 1771 429 1841 per
450 1782 483 1822 se
505 1773 537 1823 et
552 1773 686 1843 propter
700 1783 732 1824 se
754 1772 787 1824 et
803 1773 851 1824 est
875 1763 1023 1826 adoratio
1034 1775 1095 1844 prr

125 1889 169 1936 sc.
184 1879 216 1928 ct
238 1888 302 1928 non
309 1877 440 1948 propter
461 1890 502 1941 sc,
516 1868 574 1930 scd
587 1879 720 1950 propter
731 1869 836 1941 aliud,
866 1879 945 1950 puta
961 1871 1095 1950 quando

125 1974 305 2035 adoratum
328 1984 378 2035 est
401 1975 493 2036 alteri
518 1976 657 2038 unitum.
683 1977 748 2038 Ista
783 1976 989 2038 distinctione
1013 1998 1095 2058 prae-

128 2082 240 2153 missa,
265 2081 340 2144 dico
362 2082 404 2143 ad
428 2083 644 2164 quaestionem
657 2084 747 2165 quod
763 2084 910 2146 adoratio
934 2106 991 2167 per
1015 2106 1048 2146 se
1063 2094 1095 2146 et

125 2199 266 2271 propter
288 2210 324 2250 se
346 2210 422 2270 quae
446 2189 562 2252 dicitur
585 2190 678 2253 latria
701 2191 860 2272 competit
883 2191 941 2253 soli
966 2193 1039 2253 Deo
1063 2203 1094 2254 ct

125 2296 292 2368 Trinitati,
317 2296 394 2378 quia
417 2298 505 2358 solus
529 2297 621 2359 Deus
644 2308 693 2360 est
718 2298 851 2360 ultimus
886 2296 958 2360 finis
981 2318 1038 2379 per
1062 2320 1095 2360 se

125 2415 160 2465 et
171 2413 308 2485 propter
323 2423 358 2465 se
369 2403 563 2465 adorandus.
578 2403 612 2467 Si
625 2414 735 2466 autem
758 2406 930 2486 loquamur
954 2406 995 2466 dc
1018 2406 1094 2467 ado·

127 2510 255 2571 ratione
277 2529 335 2590 per
358 2518 448 2582 se‚et
472 2531 538 2572 non
556 2520 689 2592 propter
712 2512 826 2585 se,'sed
851 2521 983 2592 propter
1007 2512 1093 2573 aliud

127 2625 208 2678 tunc
232 2616 295 2677 ista
317 2616 479 2697 competit
502 2628 628 2679 naturae
646 2618 800 2679 humanae
818 2618 849 2679 in
863 2618 1001 2690 Christo,
1019 2639 1093 2699 quae

126 2732 178 2784 est
201 2723 294 2784 unita
317 2724 401 2785 Deo.
425 2724 491 2785 Ista
514 2734 625 2787 autem
639 2733 754 2786 natura
777 2724 822 2787 sic
837 2724 909 2787 Deo
934 2726 1022 2786 unita
1039 2747 1092 2806 po-

127 2838 192 2891 test
227 2830 394 2911 tripliciter
416 2830 536 2911 accipi:
551 2851 618 2893 uno
645 2832 746 2893 modo
771 2832 801 2893 in
833 2842 994 2914 quantum
1019 2834 1094 2894 sub-

126 2937 324 2999 stantivatur
340 2937 511 3017 supposito
533 2938 654 3013 divino,
672 2938 735 2999 alio
760 2939 859 3000 modo
877 2939 908 3001 in
932 2947 1092 3020 quantum

126 3053 178 3105 est
211 3044 304 3106 unita
326 3043 496 3116 divinitati,
531 3044 629 3106 tertio
653 3044 753 3106 modo
778 3045 809 3106 in
834 3055 995 3126 quantum
1028 3047 1095 3107 uni·

127 3160 182 3211 tur
195 3151 270 3212 Deo
288 3165 351 3231 ¹per
364 3150 452 3213 dona
476 3151 628 3233 gratuita.
647 3151 680 3215 Si
694 3151 849 3233 accipitur
874 3152 980 3233 primo
994 3155 1093 3215 modo

127 3267 208 3318 tunc
225 3256 362 3318 debetur
386 3257 445 3319 sibi
459 3258 560 3330 latria,
584 3258 610 3320 si
624 3268 733 3320 autem
759 3258 934 3340 accipiatur
950 3261 1094 3322 secundo

127 3364 233 3425 modo
266 3372 345 3426 tunc
368 3364 505 3431 debetur
525 3365 584 3427 sibi
598 3365 801 3447 hyperdulia,
826 3366 851 3427 si
875 3366 968 3429 tertio
994 3368 1094 3429 modo

126 3479 209 3532 tunc
232 3470 369 3532 debetur
392 3471 453 3535 sibi
477 3472 575 3534 dulia.

195 3576 264 3640 Sed
288 3586 366 3639 tunc
389 3587 489 3641 restat
512 3578 650 3641 dubium
664 3580 705 3641 de
728 3578 796 3641 aliis
809 3581 926 3642 sanctis
950 3580 1093 3662 quisunt

124 3683 298 3766 conjuncti
320 3685 393 3749 Deo
415 3687 524 3750 solum
548 3707 605 3768 per
618 3687 705 3749 dona
729 3688 879 3769 gratuita,
893 3708 958 3769 qua
981 3686 1095 3749 adora-
