<?xml version="1.0" encoding="UTF-8"?>
<!DOCTYPE html PUBLIC "-//W3C//DTD XHTML 1.0 Transitional//EN"
    "http://www.w3.org/TR/xhtml1/DTD/xhtml1-transitional.dtd">
<html xmlns="http://www.w3.org/1999/xhtml" xml:lang="en" lang="en">
 <head>
  <title>
</title>
<meta http-equiv="Content-Type" content="text/html;charset=utf-8" />
  <meta name='ocr-system' content='tesseract 3.04.00' />
  <meta name='ocr-capabilities' content='ocr_page ocr_carea ocr_par ocr_line ocrx_word'/>
</head>
<body>
  <div class='ocr_page' id='page_1' title='image "./commentariainli02scotgoog_0682.png"; bbox 0 0 2600 4200; ppageno 0'>
   <div class='ocr_carea' id='block_1_1' title="bbox 179 301 891 383">
    <p class='ocr_par' dir='ltr' id='par_1_1' title="bbox 179 301 891 383">
     <span class='ocr_line' id='line_1_1' title="bbox 179 301 891 383; baseline -0.004 -15"><span class='ocrx_word' id='word_1_1' title='bbox 179 327 243 383; x_wconf 87' lang='lat'>404</span> <span class='ocrx_word' id='word_1_2' title='bbox 405 305 480 366; x_wconf 78' lang='lat' dir='ltr'>Lm.</span> <span class='ocrx_word' id='word_1_3' title='bbox 506 303 558 366; x_wconf 91' lang='lat' dir='ltr'>IV</span> <span class='ocrx_word' id='word_1_4' title='bbox 583 301 891 368; x_wconf 73' lang='lat' dir='ltr'>Ssuusmmnum</span> 
     </span>
    </p>
   </div>
   <div class='ocr_carea' id='block_1_2' title="bbox 151 483 1123 3015">
    <p class='ocr_par' dir='ltr' id='par_1_2' title="bbox 151 483 1123 1310">
     <span class='ocr_line' id='line_1_2' title="bbox 245 483 1122 564; baseline -0.001 -19"><span class='ocrx_word' id='word_1_5' title='bbox 245 484 387 545; x_wconf 82' lang='lat' dir='ltr'>Secundo</span> <span class='ocrx_word' id='word_1_6' title='bbox 416 485 577 545; x_wconf 83' lang='lat' dir='ltr'><em>Conclusio</em></span> <span class='ocrx_word' id='word_1_7' title='bbox 600 492 653 544; x_wconf 88' lang='lat' dir='ltr'>est</span> <span class='ocrx_word' id='word_1_8' title='bbox 676 484 768 564; x_wconf 91' lang='lat' dir='ltr'>quod</span> <span class='ocrx_word' id='word_1_9' title='bbox 792 502 897 563; x_wconf 89' lang='lat' dir='ltr'>poena</span> <span class='ocrx_word' id='word_1_10' title='bbox 919 483 1048 544; x_wconf 87' lang='lat' dir='ltr'>vermis</span> <span class='ocrx_word' id='word_1_11' title='bbox 1065 492 1122 544; x_wconf 89' lang='lat' dir='ltr'>est</span> 
     </span>
     <span class='ocr_line' id='line_1_3' title="bbox 155 590 1123 671; baseline -0.002 -19"><span class='ocrx_word' id='word_1_12' title='bbox 155 590 312 671; x_wconf 83' lang='lat' dir='ltr'>quaedam</span> <span class='ocrx_word' id='word_1_13' title='bbox 339 591 480 652; x_wconf 82' lang='lat' dir='ltr'>tristitia</span> <span class='ocrx_word' id='word_1_14' title='bbox 505 600 540 650; x_wconf 91' lang='lat' dir='ltr'>et</span> <span class='ocrx_word' id='word_1_15' title='bbox 555 591 739 651; x_wconf 89' lang='lat' dir='ltr'>continuus</span> <span class='ocrx_word' id='word_1_16' title='bbox 755 609 927 650; x_wconf 88' lang='lat' dir='ltr'>remorsus</span> <span class='ocrx_word' id='word_1_17' title='bbox 943 591 1123 650; x_wconf 89' lang='lat' dir='ltr'>conscien-</span> 
     </span>
     <span class='ocr_line' id='line_1_4' title="bbox 156 695 1120 778; baseline -0.002 -20"><span class='ocrx_word' id='word_1_18' title='bbox 156 700 224 759; x_wconf 86' lang='lat' dir='ltr'>tiae.</span> <span class='ocrx_word' id='word_1_19' title='bbox 250 696 322 758; x_wconf 89' lang='lat' dir='ltr'>Ista</span> <span class='ocrx_word' id='word_1_20' title='bbox 344 707 458 758; x_wconf 88' lang='lat' dir='ltr'>autem</span> <span class='ocrx_word' id='word_1_21' title='bbox 481 716 586 778; x_wconf 86' lang='lat' dir='ltr'>poena</span> <span class='ocrx_word' id='word_1_22' title='bbox 608 697 673 757; x_wconf 85' lang='lat' dir='ltr'>erit</span> <span class='ocrx_word' id='word_1_23' title='bbox 685 695 867 775; x_wconf 84' lang='lat' dir='ltr'>inaequalis</span> <span class='ocrx_word' id='word_1_24' title='bbox 883 697 918 757; x_wconf 95' lang='lat' dir='ltr'>in</span> <span class='ocrx_word' id='word_1_25' title='bbox 934 696 1120 764; x_wconf 86' lang='lat' dir='ltr'>damnatis,</span> 
     </span>
     <span class='ocr_line' id='line_1_5' title="bbox 155 801 1119 882; baseline -0.003 -17"><span class='ocrx_word' id='word_1_26' title='bbox 155 805 245 865; x_wconf 91' lang='lat' dir='ltr'>sicut</span> <span class='ocrx_word' id='word_1_27' title='bbox 268 813 302 863; x_wconf 90' lang='lat' dir='ltr'>et</span> <span class='ocrx_word' id='word_1_28' title='bbox 325 803 465 864; x_wconf 81' lang='lat' dir='ltr'>tristitia</span> <span class='ocrx_word' id='word_1_29' title='bbox 487 822 557 882; x_wconf 89' lang='lat' dir='ltr'>qua</span> <span class='ocrx_word' id='word_1_30' title='bbox 579 801 710 863; x_wconf 94' lang='lat' dir='ltr'>nollent</span> <span class='ocrx_word' id='word_1_31' title='bbox 737 801 797 863; x_wconf 87' lang='lat' dir='ltr'>illa</span> <span class='ocrx_word' id='word_1_32' title='bbox 830 803 921 863; x_wconf 88' lang='lat' dir='ltr'>mala</span> <span class='ocrx_word' id='word_1_33' title='bbox 955 803 1036 881; x_wconf 85' lang='lat' dir='ltr'>pati,</span> <span class='ocrx_word' id='word_1_34' title='bbox 1061 811 1119 862; x_wconf 90' lang='lat' dir='ltr'>est</span> 
     </span>
     <span class='ocr_line' id='line_1_6' title="bbox 155 907 1121 988; baseline -0.002 -18"><span class='ocrx_word' id='word_1_35' title='bbox 155 911 206 970; x_wconf 86' lang='lat' dir='ltr'>eis</span> <span class='ocrx_word' id='word_1_36' title='bbox 229 908 417 988; x_wconf 77' lang='lat' dir='ltr'>inaequalis.</span> <span class='ocrx_word' id='word_1_37' title='bbox 443 907 501 970; x_wconf 83' lang='lat' dir='ltr'>Sic</span> <span class='ocrx_word' id='word_1_38' title='bbox 525 910 615 970; x_wconf 86' lang='lat' dir='ltr'>enim</span> <span class='ocrx_word' id='word_1_39' title='bbox 639 908 814 970; x_wconf 88' lang='lat' dir='ltr'>habebunt</span> <span class='ocrx_word' id='word_1_40' title='bbox 837 926 1024 969; x_wconf 87' lang='lat' dir='ltr'>remorsum</span> <span class='ocrx_word' id='word_1_41' title='bbox 1048 927 1121 968; x_wconf 92' lang='lat' dir='ltr'>ma-</span> 
     </span>
     <span class='ocr_line' id='line_1_7' title="bbox 151 1013 1117 1097; baseline -0.002 -21"><span class='ocrx_word' id='word_1_42' title='bbox 151 1016 260 1097; x_wconf 89' lang='lat' dir='ltr'>jorem</span> <span class='ocrx_word' id='word_1_43' title='bbox 284 1025 318 1076; x_wconf 89' lang='lat' dir='ltr'>et</span> <span class='ocrx_word' id='word_1_44' title='bbox 330 1015 495 1076; x_wconf 87' lang='lat' dir='ltr'>minorem</span> <span class='ocrx_word' id='word_1_45' title='bbox 513 1015 700 1076; x_wconf 91' lang='lat' dir='ltr'>secundum</span> <span class='ocrx_word' id='word_1_46' title='bbox 721 1016 976 1095; x_wconf 84' lang='lat' dir='ltr'>proportionem</span> <span class='ocrx_word' id='word_1_47' title='bbox 992 1013 1117 1094; x_wconf 85' lang='lat' dir='ltr'>culpae,</span> 
     </span>
     <span class='ocr_line' id='line_1_8' title="bbox 156 1119 1120 1204; baseline -0.002 -20"><span class='ocrx_word' id='word_1_48' title='bbox 156 1123 245 1184; x_wconf 89' lang='lat' dir='ltr'>sicut</span> <span class='ocrx_word' id='word_1_49' title='bbox 278 1122 320 1182; x_wconf 92' lang='lat' dir='ltr'>de</span> <span class='ocrx_word' id='word_1_50' title='bbox 355 1131 495 1202; x_wconf 85' lang='lat' dir='ltr'>peccato</span> <span class='ocrx_word' id='word_1_51' title='bbox 530 1123 681 1203; x_wconf 82' lang='lat' dir='ltr'>graviori</span> <span class='ocrx_word' id='word_1_52' title='bbox 711 1123 762 1184; x_wconf 88' lang='lat' dir='ltr'>eis</span> <span class='ocrx_word' id='word_1_53' title='bbox 785 1119 955 1204; x_wconf 85' lang='lat' dir='ltr'>infligitur</span> <span class='ocrx_word' id='word_1_54' title='bbox 977 1123 1120 1203; x_wconf 88' lang='lat' dir='ltr'>gravior</span> 
     </span>
     <span class='ocr_line' id='line_1_9' title="bbox 155 1248 268 1310; baseline -0.018 -20"><span class='ocrx_word' id='word_1_55' title='bbox 155 1248 268 1310; x_wconf 90' lang='lat' dir='ltr'>poena.</span> 
     </span>
    </p>

    <p class='ocr_par' dir='ltr' id='par_1_3' title="bbox 154 1333 1121 3015">
     <span class='ocr_line' id='line_1_10' title="bbox 252 1333 1117 1416; baseline 0 -22"><span class='ocrx_word' id='word_1_56' title='bbox 252 1333 356 1394; x_wconf 80' lang='lat' dir='ltr'>Tertia</span> <span class='ocrx_word' id='word_1_57' title='bbox 395 1335 565 1402; x_wconf 85' lang='lat' dir='ltr'>Conclusio,</span> <span class='ocrx_word' id='word_1_58' title='bbox 604 1343 657 1396; x_wconf 85' lang='lat' dir='ltr'>est</span> <span class='ocrx_word' id='word_1_59' title='bbox 691 1335 784 1416; x_wconf 92' lang='lat' dir='ltr'>quod</span> <span class='ocrx_word' id='word_1_60' title='bbox 822 1355 927 1415; x_wconf 83' lang='lat' dir='ltr'>poena</span> <span class='ocrx_word' id='word_1_61' title='bbox 961 1336 1046 1412; x_wconf 83' lang='lat' dir='ltr'>ignis</span> <span class='ocrx_word' id='word_1_62' title='bbox 1081 1337 1117 1395; x_wconf 91' lang='lat' dir='ltr'>in</span> 
     </span>
     <span class='ocr_line' id='line_1_11' title="bbox 155 1439 1118 1522; baseline -0.001 -20"><span class='ocrx_word' id='word_1_63' title='bbox 155 1441 326 1502; x_wconf 87' lang='lat' dir='ltr'>damnatis</span> <span class='ocrx_word' id='word_1_64' title='bbox 349 1449 403 1502; x_wconf 88' lang='lat' dir='ltr'>est</span> <span class='ocrx_word' id='word_1_65' title='bbox 426 1440 618 1521; x_wconf 62' lang='lat' dir='ltr'>inaequalis,</span> <span class='ocrx_word' id='word_1_66' title='bbox 643 1443 734 1502; x_wconf 89' lang='lat' dir='ltr'>sicut</span> <span class='ocrx_word' id='word_1_67' title='bbox 756 1442 877 1521; x_wconf 88' lang='lat' dir='ltr'>probat</span> <span class='ocrx_word' id='word_1_68' title='bbox 894 1439 1118 1522; x_wconf 82' lang='lat' dir='ltr'>Augustinus</span> 
     </span>
     <span class='ocr_line' id='line_1_12' title="bbox 154 1547 1116 1628; baseline 0 -20"><span class='ocrx_word' id='word_1_69' title='bbox 154 1567 205 1608; x_wconf 86' lang='lat'>22.</span> <span class='ocrx_word' id='word_1_70' title='bbox 230 1549 282 1607; x_wconf 85' lang='lat' dir='ltr'>De</span> <span class='ocrx_word' id='word_1_71' title='bbox 309 1548 375 1608; x_wconf 83' lang='lat' dir='ltr'>Cio.</span> <span class='ocrx_word' id='word_1_72' title='bbox 400 1548 473 1615; x_wconf 84' lang='lat' dir='ltr'>Dei,</span> <span class='ocrx_word' id='word_1_73' title='bbox 501 1567 526 1607; x_wconf 90' lang='lat' dir='ltr'>c.</span> <span class='ocrx_word' id='word_1_74' title='bbox 551 1553 599 1608; x_wconf 80' lang='lat'>16.</span> <span class='ocrx_word' id='word_1_75' title='bbox 628 1548 773 1608; x_wconf 89' lang='lat' dir='ltr'>dicendo</span> <span class='ocrx_word' id='word_1_76' title='bbox 807 1549 900 1628; x_wconf 92' lang='lat' dir='ltr'>quod</span> <span class='ocrx_word' id='word_1_77' title='bbox 934 1547 1014 1608; x_wconf 89' lang='lat' dir='ltr'>licet</span> <span class='ocrx_word' id='word_1_78' title='bbox 1048 1548 1116 1608; x_wconf 91' lang='lat' dir='ltr'>iste</span> 
     </span>
     <span class='ocr_line' id='line_1_13' title="bbox 155 1635 1120 1735; baseline -0.001 -21"><span class='ocrx_word' id='word_1_79' title='bbox 155 1655 249 1735; x_wconf 86' lang='lat' dir='ltr'>ignis</span> <span class='ocrx_word' id='word_1_80' title='bbox 273 1653 452 1734; x_wconf 85' lang='lat' dir='ltr'>aequaliter</span> <span class='ocrx_word' id='word_1_81' title='bbox 474 1654 601 1724; x_wconf 84' lang='lat' dir='ltr'>ardeat,</span> <span class='ocrx_word' id='word_1_82' title='bbox 626 1673 695 1714; x_wconf 92' lang='lat' dir='ltr'>non</span> <span class='ocrx_word' id='word_1_83' title='bbox 720 1635 833 1715; x_wconf 77' lang='lat' dir='ltr'>tameri</span> <span class='ocrx_word' id='word_1_84' title='bbox 868 1652 1047 1735; x_wconf 72' lang='lat' dir='ltr'>aequaliter</span> <span class='ocrx_word' id='word_1_85' title='bbox 1070 1651 1120 1714; x_wconf 83' lang='lat' dir='ltr'>af-</span> 
     </span>
     <span class='ocr_line' id='line_1_14' title="bbox 154 1757 1119 1842; baseline -0.001 -21"><span class='ocrx_word' id='word_1_86' title='bbox 154 1759 245 1842; x_wconf 85' lang='lat' dir='ltr'>fligit</span> <span class='ocrx_word' id='word_1_87' title='bbox 268 1760 325 1820; x_wconf 88' lang='lat' dir='ltr'>vel</span> <span class='ocrx_word' id='word_1_88' title='bbox 348 1760 518 1821; x_wconf 86' lang='lat' dir='ltr'>molestat.</span> <span class='ocrx_word' id='word_1_89' title='bbox 544 1796 586 1804; x_wconf 91' lang='lat'>—</span> <span class='ocrx_word' id='word_1_90' title='bbox 610 1757 682 1821; x_wconf 87' lang='lat' dir='ltr'>Sed</span> <span class='ocrx_word' id='word_1_91' title='bbox 704 1760 760 1821; x_wconf 89' lang='lat' dir='ltr'>hie</span> <span class='ocrx_word' id='word_1_92' title='bbox 783 1769 837 1822; x_wconf 88' lang='lat' dir='ltr'>est</span> <span class='ocrx_word' id='word_1_93' title='bbox 859 1761 1012 1828; x_wconf 83' lang='lat' dir='ltr'>dubium,</span> <span class='ocrx_word' id='word_1_94' title='bbox 1035 1762 1119 1840; x_wconf 87' lang='lat' dir='ltr'>quia</span> 
     </span>
     <span class='ocr_line' id='line_1_15' title="bbox 155 1866 1120 1949; baseline 0 -21"><span class='ocrx_word' id='word_1_95' title='bbox 155 1868 249 1949; x_wconf 86' lang='lat' dir='ltr'>ignis</span> <span class='ocrx_word' id='word_1_96' title='bbox 264 1876 317 1928; x_wconf 91' lang='lat' dir='ltr'>est</span> <span class='ocrx_word' id='word_1_97' title='bbox 332 1885 436 1928; x_wconf 86' lang='lat' dir='ltr'>causa</span> <span class='ocrx_word' id='word_1_98' title='bbox 447 1866 613 1929; x_wconf 85' lang='lat' dir='ltr'>naturalis</span> <span class='ocrx_word' id='word_1_99' title='bbox 627 1887 634 1938; x_wconf 88' lang='lat'><strong>;</strong></span> <span class='ocrx_word' id='word_1_100' title='bbox 659 1866 721 1928; x_wconf 89' lang='lat' dir='ltr'>sed</span> <span class='ocrx_word' id='word_1_101' title='bbox 744 1886 849 1928; x_wconf 86' lang='lat' dir='ltr'>causa</span> <span class='ocrx_word' id='word_1_102' title='bbox 860 1866 1026 1928; x_wconf 88' lang='lat' dir='ltr'>naturalis</span> <span class='ocrx_word' id='word_1_103' title='bbox 1042 1867 1120 1948; x_wconf 85' lang='lat' dir='ltr'>agit</span> 
     </span>
     <span class='ocr_line' id='line_1_16' title="bbox 154 1973 1120 2054; baseline 0 -20"><span class='ocrx_word' id='word_1_104' title='bbox 154 1974 341 2034; x_wconf 90' lang='lat' dir='ltr'>secundum</span> <span class='ocrx_word' id='word_1_105' title='bbox 367 1973 524 2035; x_wconf 90' lang='lat' dir='ltr'>ultimum</span> <span class='ocrx_word' id='word_1_106' title='bbox 541 1975 706 2054; x_wconf 83' lang='lat' dir='ltr'>potentiae</span> <span class='ocrx_word' id='word_1_107' title='bbox 730 1992 818 2046; x_wconf 83' lang='lat' dir='ltr'>suae;</span> <span class='ocrx_word' id='word_1_108' title='bbox 844 1992 928 2054; x_wconf 88' lang='lat' dir='ltr'>ergo</span> <span class='ocrx_word' id='word_1_109' title='bbox 946 1975 1010 2034; x_wconf 89' lang='lat' dir='ltr'>iste</span> <span class='ocrx_word' id='word_1_110' title='bbox 1023 1974 1120 2054; x_wconf 85' lang='lat' dir='ltr'>ignis</span> 
     </span>
     <span class='ocr_line' id='line_1_17' title="bbox 156 2079 1119 2162; baseline 0.001 -21"><span class='ocrx_word' id='word_1_111' title='bbox 156 2099 290 2162; x_wconf 89' lang='lat' dir='ltr'>semper</span> <span class='ocrx_word' id='word_1_112' title='bbox 313 2081 388 2161; x_wconf 86' lang='lat' dir='ltr'>agit</span> <span class='ocrx_word' id='word_1_113' title='bbox 421 2080 608 2142; x_wconf 88' lang='lat' dir='ltr'>seeundum</span> <span class='ocrx_word' id='word_1_114' title='bbox 640 2079 799 2143; x_wconf 90' lang='lat' dir='ltr'>ultimum</span> <span class='ocrx_word' id='word_1_115' title='bbox 833 2081 997 2160; x_wconf 83' lang='lat' dir='ltr'>potentiae</span> <span class='ocrx_word' id='word_1_116' title='bbox 1032 2098 1119 2142; x_wconf 85' lang='lat' dir='ltr'>suae.</span> 
     </span>
     <span class='ocr_line' id='line_1_18' title="bbox 156 2185 1121 2269; baseline -0.002 -20"><span class='ocrx_word' id='word_1_117' title='bbox 156 2185 226 2249; x_wconf 88' lang='lat' dir='ltr'>Sed</span> <span class='ocrx_word' id='word_1_118' title='bbox 248 2187 316 2248; x_wconf 85' lang='lat' dir='ltr'>tale</span> <span class='ocrx_word' id='word_1_119' title='bbox 340 2206 449 2269; x_wconf 85' lang='lat' dir='ltr'>agens</span> <span class='ocrx_word' id='word_1_120' title='bbox 472 2186 652 2267; x_wconf 79' lang='lat' dir='ltr'>aequaliter</span> <span class='ocrx_word' id='word_1_121' title='bbox 674 2189 768 2269; x_wconf 87' lang='lat' dir='ltr'>agit;</span> <span class='ocrx_word' id='word_1_122' title='bbox 803 2206 888 2269; x_wconf 88' lang='lat' dir='ltr'>ergo</span> <span class='ocrx_word' id='word_1_123' title='bbox 924 2189 988 2249; x_wconf 89' lang='lat' dir='ltr'>iste</span> <span class='ocrx_word' id='word_1_124' title='bbox 1024 2188 1121 2268; x_wconf 87' lang='lat' dir='ltr'>ignis</span> 
     </span>
     <span class='ocr_line' id='line_1_19' title="bbox 156 2292 1120 2375; baseline 0 -20"><span class='ocrx_word' id='word_1_125' title='bbox 156 2294 334 2374; x_wconf 82' lang='lat' dir='ltr'>aequaliter</span> <span class='ocrx_word' id='word_1_126' title='bbox 357 2292 480 2375; x_wconf 86' lang='lat' dir='ltr'>affligit</span> <span class='ocrx_word' id='word_1_127' title='bbox 495 2312 624 2356; x_wconf 88' lang='lat' dir='ltr'>omnes.</span> <span class='ocrx_word' id='word_1_128' title='bbox 642 2294 823 2371; x_wconf 83' lang='lat' dir='ltr'>Respondeo</span> <span class='ocrx_word' id='word_1_129' title='bbox 835 2317 847 2353; x_wconf 92' lang='lat'>.·</span> <span class='ocrx_word' id='word_1_130' title='bbox 871 2295 956 2355; x_wconf 88' lang='lat' dir='ltr'>satis</span> <span class='ocrx_word' id='word_1_131' title='bbox 979 2292 1120 2355; x_wconf 87' lang='lat' dir='ltr'>difficile</span> 
     </span>
     <span class='ocr_line' id='line_1_20' title="bbox 155 2400 1120 2481; baseline 0 -19"><span class='ocrx_word' id='word_1_132' title='bbox 155 2410 208 2462; x_wconf 90' lang='lat' dir='ltr'>est</span> <span class='ocrx_word' id='word_1_133' title='bbox 232 2402 410 2481; x_wconf 87' lang='lat' dir='ltr'>assignare</span> <span class='ocrx_word' id='word_1_134' title='bbox 431 2419 569 2463; x_wconf 88' lang='lat' dir='ltr'>causam</span> <span class='ocrx_word' id='word_1_135' title='bbox 593 2400 694 2481; x_wconf 88' lang='lat' dir='ltr'>hujus</span> <span class='ocrx_word' id='word_1_136' title='bbox 719 2401 965 2481; x_wconf 76' lang='lat' dir='ltr'>inaequalitatis</span> <span class='ocrx_word' id='word_1_137' title='bbox 981 2402 1046 2462; x_wconf 90' lang='lat' dir='ltr'>nisi</span> <span class='ocrx_word' id='word_1_138' title='bbox 1071 2420 1120 2462; x_wconf 85' lang='lat' dir='ltr'>ex</span> 
     </span>
     <span class='ocr_line' id='line_1_21' title="bbox 154 2506 1118 2589; baseline 0.001 -21"><span class='ocrx_word' id='word_1_139' title='bbox 154 2506 329 2577; x_wconf 86' lang='lat' dir='ltr'>miraculo,</span> <span class='ocrx_word' id='word_1_140' title='bbox 353 2508 435 2587; x_wconf 87' lang='lat' dir='ltr'>quia</span> <span class='ocrx_word' id='word_1_141' title='bbox 457 2527 519 2568; x_wconf 87' lang='lat' dir='ltr'>nec</span> <span class='ocrx_word' id='word_1_142' title='bbox 543 2526 587 2568; x_wconf 88' lang='lat' dir='ltr'>ex</span> <span class='ocrx_word' id='word_1_143' title='bbox 614 2516 711 2589; x_wconf 87' lang='lat' dir='ltr'>parte</span> <span class='ocrx_word' id='word_1_144' title='bbox 746 2509 849 2569; x_wconf 88' lang='lat' dir='ltr'>activi</span> <span class='ocrx_word' id='word_1_145' title='bbox 886 2526 949 2569; x_wconf 86' lang='lat' dir='ltr'>nec</span> <span class='ocrx_word' id='word_1_146' title='bbox 983 2508 1118 2588; x_wconf 85' lang='lat' dir='ltr'>passivi</span> 
     </span>
     <span class='ocr_line' id='line_1_22' title="bbox 155 2613 1120 2695; baseline 0 -20"><span class='ocrx_word' id='word_1_147' title='bbox 155 2614 291 2675; x_wconf 90' lang='lat' dir='ltr'>videtur</span> <span class='ocrx_word' id='word_1_148' title='bbox 315 2613 514 2675; x_wconf 80' lang='lat' dir='ltr'>naturaiiter</span> <span class='ocrx_word' id='word_1_149' title='bbox 536 2633 638 2695; x_wconf 89' lang='lat' dir='ltr'>posse</span> <span class='ocrx_word' id='word_1_150' title='bbox 663 2615 833 2695; x_wconf 85' lang='lat' dir='ltr'>assignari</span> <span class='ocrx_word' id='word_1_151' title='bbox 857 2628 974 2687; x_wconf 86' lang='lat' dir='ltr'>eausa;</span> <span class='ocrx_word' id='word_1_152' title='bbox 999 2623 1120 2694; x_wconf 89' lang='lat' dir='ltr'>posset</span> 
     </span>
     <span class='ocr_line' id='line_1_23' title="bbox 155 2718 1121 2801; baseline -0.001 -19"><span class='ocrx_word' id='word_1_153' title='bbox 155 2730 269 2783; x_wconf 86' lang='lat' dir='ltr'>tamen</span> <span class='ocrx_word' id='word_1_154' title='bbox 293 2721 359 2782; x_wconf 92' lang='lat' dir='ltr'>dici</span> <span class='ocrx_word' id='word_1_155' title='bbox 384 2721 476 2801; x_wconf 93' lang='lat' dir='ltr'>quod</span> <span class='ocrx_word' id='word_1_156' title='bbox 499 2718 563 2781; x_wconf 86' lang='lat' dir='ltr'>hoc</span> <span class='ocrx_word' id='word_1_157' title='bbox 597 2730 650 2781; x_wconf 88' lang='lat' dir='ltr'>est</span> <span class='ocrx_word' id='word_1_158' title='bbox 673 2739 718 2781; x_wconf 89' lang='lat' dir='ltr'>ex</span> <span class='ocrx_word' id='word_1_159' title='bbox 742 2721 880 2782; x_wconf 89' lang='lat' dir='ltr'>diversa</span> <span class='ocrx_word' id='word_1_160' title='bbox 902 2722 1121 2801; x_wconf 86' lang='lat' dir='ltr'>approxima·</span> 
     </span>
     <span class='ocr_line' id='line_1_24' title="bbox 155 2826 1120 2907; baseline -0.002 -18"><span class='ocrx_word' id='word_1_161' title='bbox 155 2829 248 2889; x_wconf 91' lang='lat' dir='ltr'>tione</span> <span class='ocrx_word' id='word_1_162' title='bbox 272 2828 375 2888; x_wconf 89' lang='lat' dir='ltr'>activi</span> <span class='ocrx_word' id='word_1_163' title='bbox 399 2827 442 2888; x_wconf 91' lang='lat' dir='ltr'>ad</span> <span class='ocrx_word' id='word_1_164' title='bbox 465 2828 653 2907; x_wconf 88' lang='lat' dir='ltr'>passivum,</span> <span class='ocrx_word' id='word_1_165' title='bbox 678 2826 733 2887; x_wconf 89' lang='lat' dir='ltr'>vel</span> <span class='ocrx_word' id='word_1_166' title='bbox 751 2829 832 2907; x_wconf 91' lang='lat' dir='ltr'>quia</span> <span class='ocrx_word' id='word_1_167' title='bbox 848 2826 944 2889; x_wconf 89' lang='lat' dir='ltr'>Deus</span> <span class='ocrx_word' id='word_1_168' title='bbox 957 2845 1024 2888; x_wconf 94' lang='lat' dir='ltr'>non</span> <span class='ocrx_word' id='word_1_169' title='bbox 1041 2846 1120 2887; x_wconf 87' lang='lat' dir='ltr'>coo-</span> 
     </span>
     <span class='ocr_line' id='line_1_25' title="bbox 155 2933 733 3015; baseline 0.002 -21"><span class='ocrx_word' id='word_1_170' title='bbox 155 2942 294 3015; x_wconf 84' lang='lat' dir='ltr'>peratur</span> <span class='ocrx_word' id='word_1_171' title='bbox 317 2933 365 2995; x_wconf 90' lang='lat' dir='ltr'>illi</span> <span class='ocrx_word' id='word_1_172' title='bbox 390 2952 505 2995; x_wconf 87' lang='lat' dir='ltr'>causae</span> <span class='ocrx_word' id='word_1_173' title='bbox 529 2935 564 2994; x_wconf 93' lang='lat' dir='ltr'>in</span> <span class='ocrx_word' id='word_1_174' title='bbox 588 2933 733 3015; x_wconf 81' lang='lat' dir='ltr'>agendo,</span> 
     </span>
    </p>
   </div>
   <div class='ocr_carea' id='block_1_3' title="bbox 155 3143 1122 3739">
    <p class='ocr_par' dir='ltr' id='par_1_4' title="bbox 155 3143 1122 3739">
     <span class='ocr_line' id='line_1_26' title="bbox 244 3143 1120 3220; baseline -0.003 -12"><span class='ocrx_word' id='word_1_175' title='bbox 244 3145 309 3208; x_wconf 86' lang='lat' dir='ltr'>De</span> <span class='ocrx_word' id='word_1_176' title='bbox 330 3145 508 3209; x_wconf 74' lang='lat' dir='ltr'>seeundo</span> <span class='ocrx_word' id='word_1_177' title='bbox 531 3143 738 3220; x_wconf 68' lang='lat' dir='ltr'>Antaeum,</span> <span class='ocrx_word' id='word_1_178' title='bbox 762 3146 791 3207; x_wconf 91' lang='lat' dir='ltr'>si</span> <span class='ocrx_word' id='word_1_179' title='bbox 827 3146 979 3206; x_wconf 88' lang='lat' dir='ltr'>omnium</span> <span class='ocrx_word' id='word_1_180' title='bbox 1013 3144 1120 3205; x_wconf 92' lang='lat' dir='ltr'>bono-</span> 
     </span>
     <span class='ocr_line' id='line_1_27' title="bbox 156 3250 1122 3333; baseline 0 -21"><span class='ocrx_word' id='word_1_181' title='bbox 156 3270 231 3313; x_wconf 89' lang='lat' dir='ltr'>rum</span> <span class='ocrx_word' id='word_1_182' title='bbox 255 3253 320 3312; x_wconf 89' lang='lat' dir='ltr'>erit</span> <span class='ocrx_word' id='word_1_183' title='bbox 343 3251 488 3331; x_wconf 85' lang='lat' dir='ltr'>aequalis</span> <span class='ocrx_word' id='word_1_184' title='bbox 511 3251 632 3333; x_wconf 84' lang='lat' dir='ltr'>gloria,</span> <span class='ocrx_word' id='word_1_185' title='bbox 658 3252 784 3314; x_wconf 90' lang='lat' dir='ltr'>dicitur</span> <span class='ocrx_word' id='word_1_186' title='bbox 806 3251 899 3332; x_wconf 87' lang='lat' dir='ltr'>quod</span> <span class='ocrx_word' id='word_1_187' title='bbox 926 3250 1037 3333; x_wconf 89' lang='lat' dir='ltr'>gloria</span> <span class='ocrx_word' id='word_1_188' title='bbox 1060 3270 1122 3331; x_wconf 91' lang='lat' dir='ltr'>po-</span> 
     </span>
     <span class='ocr_line' id='line_1_28' title="bbox 156 3354 1117 3438; baseline 0 -19"><span class='ocrx_word' id='word_1_189' title='bbox 156 3366 225 3419; x_wconf 91' lang='lat' dir='ltr'>test</span> <span class='ocrx_word' id='word_1_190' title='bbox 247 3358 416 3438; x_wconf 86' lang='lat' dir='ltr'>respicere</span> <span class='ocrx_word' id='word_1_191' title='bbox 438 3358 586 3418; x_wconf 89' lang='lat' dir='ltr'>animam</span> <span class='ocrx_word' id='word_1_192' title='bbox 600 3358 657 3419; x_wconf 86' lang='lat' dir='ltr'>vel</span> <span class='ocrx_word' id='word_1_193' title='bbox 673 3376 806 3437; x_wconf 87' lang='lat' dir='ltr'>eorpus.</span> <span class='ocrx_word' id='word_1_194' title='bbox 820 3354 858 3420; x_wconf 88' lang='lat' dir='ltr'>Si</span> <span class='ocrx_word' id='word_1_195' title='bbox 875 3358 986 3438; x_wconf 90' lang='lat' dir='ltr'>primo</span> <span class='ocrx_word' id='word_1_196' title='bbox 1003 3358 1117 3427; x_wconf 84' lang='lat' dir='ltr'>modo,</span> 
     </span>
     <span class='ocr_line' id='line_1_29' title="bbox 156 3463 1119 3545; baseline 0 -20"><span class='ocrx_word' id='word_1_197' title='bbox 156 3464 233 3526; x_wconf 91' lang='lat' dir='ltr'>dico</span> <span class='ocrx_word' id='word_1_198' title='bbox 256 3463 349 3545; x_wconf 93' lang='lat' dir='ltr'>quod</span> <span class='ocrx_word' id='word_1_199' title='bbox 371 3484 439 3525; x_wconf 93' lang='lat' dir='ltr'>non</span> <span class='ocrx_word' id='word_1_200' title='bbox 462 3472 516 3525; x_wconf 88' lang='lat' dir='ltr'>est</span> <span class='ocrx_word' id='word_1_201' title='bbox 539 3463 684 3545; x_wconf 85' lang='lat' dir='ltr'>aequalis</span> <span class='ocrx_word' id='word_1_202' title='bbox 707 3464 821 3545; x_wconf 84' lang='lat' dir='ltr'>gloria</span> <span class='ocrx_word' id='word_1_203' title='bbox 853 3465 1006 3525; x_wconf 90' lang='lat' dir='ltr'>omnium</span> <span class='ocrx_word' id='word_1_204' title='bbox 1042 3464 1119 3525; x_wconf 87' lang='lat' dir='ltr'>bea·</span> 
     </span>
     <span class='ocr_line' id='line_1_30' title="bbox 157 3569 1117 3651; baseline -0.001 -19"><span class='ocrx_word' id='word_1_205' title='bbox 157 3579 279 3641; x_wconf 91' lang='lat' dir='ltr'>torum,</span> <span class='ocrx_word' id='word_1_206' title='bbox 300 3572 402 3650; x_wconf 80' lang='lat' dir='ltr'>juxta</span> <span class='ocrx_word' id='word_1_207' title='bbox 433 3569 517 3631; x_wconf 91' lang='lat' dir='ltr'>illud</span> <span class='ocrx_word' id='word_1_208' title='bbox 534 3570 628 3649; x_wconf 85' lang='lat' dir='ltr'>Joan.</span> <span class='ocrx_word' id='word_1_209' title='bbox 654 3588 702 3647; x_wconf 81' lang='lat'>14.</span> <span class='ocrx_word' id='word_1_210' title='bbox 728 3570 768 3632; x_wconf 95' lang='lat' dir='ltr'>In</span> <span class='ocrx_word' id='word_1_211' title='bbox 793 3570 894 3632; x_wconf 92' lang='lat' dir='ltr'>domo</span> <span class='ocrx_word' id='word_1_212' title='bbox 917 3571 1025 3651; x_wconf 88' lang='lat' dir='ltr'>patris</span> <span class='ocrx_word' id='word_1_213' title='bbox 1048 3571 1117 3631; x_wconf 89' lang='lat' dir='ltr'>mei</span> 
     </span>
     <span class='ocr_line' id='line_1_31' title="bbox 155 3674 1117 3739; baseline 0.002 -4"><span class='ocrx_word' id='word_1_214' title='bbox 155 3677 351 3736; x_wconf 85' lang='lat' dir='ltr'>mansiones</span> <span class='ocrx_word' id='word_1_215' title='bbox 387 3677 506 3737; x_wconf 89' lang='lat' dir='ltr'>multae</span> <span class='ocrx_word' id='word_1_216' title='bbox 542 3685 631 3738; x_wconf 88' lang='lat' dir='ltr'>sunt.</span> <span class='ocrx_word' id='word_1_217' title='bbox 669 3674 715 3737; x_wconf 90' lang='lat' dir='ltr'>Et</span> <span class='ocrx_word' id='word_1_218' title='bbox 749 3675 854 3739; x_wconf 89' lang='lat' dir='ltr'>illud:</span> <span class='ocrx_word' id='word_1_219' title='bbox 890 3674 1007 3737; x_wconf 90' lang='lat' dir='ltr'>reddet</span> <span class='ocrx_word' id='word_1_220' title='bbox 1042 3677 1117 3737; x_wconf 94' lang='lat' dir='ltr'>uni-</span> 
     </span>
    </p>
   </div>
   <div class='ocr_carea' id='block_1_4' title="bbox 0 0 1305 4200">
    <p class='ocr_par' dir='ltr' id='par_1_5' title="bbox 0 0 1305 4200">
     <span class='ocr_line' id='line_1_32' title="bbox 0 0 1305 4200; baseline 0 0"><span class='ocrx_word' id='word_1_221' title='bbox 0 0 1305 4200; x_wconf 95' lang='lat' dir='ltr'> </span> 
     </span>
    </p>
   </div>
  </div>
 </body>
</html>
