2600 4200
393 213 599 284 Drsnner.
623 213 639 286 1
664 219 818 304 Quntsr.
843 216 860 286 1
1072 239 1091 300 ,ς

145 404 278 463 tionem
309 403 422 482 digiti,
439 413 553 482 potest
570 405 753 464 instituens
769 403 837 464 tale
853 405 992 483 signum
1008 404 1116 465 deter-

146 511 283 570 minare
306 527 441 589 semper
464 529 502 570 se
526 511 567 572 ad
592 511 843 592 cooperandum
880 511 922 571 ad
956 508 1112 572 effectum

146 618 340 696 signatum.
364 618 441 678 nisi·
456 617 673 697 indispositio
696 617 770 697 ejus
793 619 848 678 cui
867 619 1006 698 signum
1023 617 1114 679 adhi-

88 755 91 758 ·
147 724 298 791 beretur,
324 724 513 804 impediret.

242 828 298 890 Ex
322 831 376 890 his
400 832 555 910 sequitur
579 831 639 892 illa
673 830 857 893 Conclusio
888 832 983 912 'quod
1011 829 1115 893 ‘inira-

148 938 280 1016 scripta
304 939 412 996 oratio
437 957 505 998 non
530 947 582 998 est
606 939 640 999 in
665 957 703 999 se
719 936 826 999 falsa:
855 937 1113 1000 Sacramentum

148 1045 366 1124 estsignum
391 1045 554 1106 sensibile
574 1047 733 1127 gratiam
758 1045 823 1106 Dei
848 1044 904 1105 rel
934 1046 1009 1126 ejus
1038 1044 1114 1107 effe

148 1163 244 1212 ctum
269 1153 469 1230 gratuitum,
494 1171 538 1212 ex
563 1152 778 1213 institutione
801 1152 919 1212 divina
934 1150 1114 1215 efficaciter

148 1255 362 1338 significans,
387 1257 579 1318 ordinatum
612 1259 831 1319 ad¹salutem
866 1259 1015 1321 hominis
1046 1263 1114 1322 via·

148 1366 256 1433 toris;
283 1366 363 1444 quia
387 1364 482 1425 nulla
506 1367 614 1426 oratio
630 1375 684 1428 est
700 1367 735 1426 in
753 1385 789 1426 se
805 1363 982 1434 falsa'nisi
998 1378 1114 1448 partes

147 1471 226 1550 ejus
249 1471 293 1531 ad
316 1472 462 1532 invicem
487 1472 732 1539 contradicant.
757 1491 801 1533 ex
823 1492 855 1548 5,
881 1473 1018 1550 rtretapt.
1035 1495 1060 1534 c.
1076 1475 1113 1534 de

135 1577 231 1654 salso
245 1600 259 1645 ;
284 1579 343 1638 sed
366 1586 481 1658 partes
504 1579 681 1658 praedictae
704 1579 869 1641 orationis
892 1580 935 1640 ad
966 1582 1111 1642 invicem

148 1704 219 1745 non
244 1685 503 1754 contradicunt;
530 1686 637 1766 igitur
660 1705 728 1747 non
753 1688 865 1747 est'in
890 1706 927 1748 se
951 1685 1046 1753 falsa.
1079 1699 1112 1749 et

147 1793 200 1852 sic
225 1811 293 1851 non
318 1803 370 1852 est
394 1793 482 1852 entis
507 1792 732 1872 impossibilis
755 1793 810 1854 vel
827 1813 912 1873 pure
928 1814 994 1856 non
1012 1796 1110 1855 entis.

240 1898 383 1958 &cunda
407 1898 538 1958 conditio
561 1900 664 1960 etiam
688 1919 756 1960 non
781 1901 924 1980 impedit
937 1904 1029 1982 'quin
1054 1901 1113 1962 Sa·

146 2006 314 2066 eramenti
347 2007 392 2066 sit
426 2004 588 2074 definitio,
625 2008 706 2086 quia
740 2007 819 2077 licet
854 2005 1110 2070 fundamentum

147 2115 257 2193 hujus
286 2112 473 2181 relationis,
509 2114 639 2175 scilicet
673 2116 765 2195 signi
803 2116 986 2186 sensibilis,
1020 2119 1111 2196 quod

146 2222 290 2301 ponitur
311 2231 573 2287 sacramentum,
600 2220 742 2282 includit
767 2223 881 2303 aliqua
911 2242 956 2284 ex
987 2224 1112 2303 quibus

147 2347 219 2389 non
243 2325 282 2388 fit
305 2346 366 2407 per
389 2346 426 2388 se
450 2346 555 2388 unum
581 2329 712 2389 unitate
734 2330 828 2396 reali,
853 2342 966 2409 potest
997 2341 1111 2393 tamen

146 2456 194 2497 ex
219 2435 270 2495 eis
293 2453 369 2495 esse
393 2454 497 2496 unum
523 2437 655 2496 unitate
678 2446 873 2516 conceptus,

245 2542 370 2602 Contra.
396 2540 536 2603 Relatio
560 2557 627 2603 non
653 2552 789 2623 est'per
813 2563 849 2605 se
873 2564 941 2605 una
957 2547 1059 2606 etiam
1075 2548 1111 2605 in

146 2658 328 2729 conceptu.
353 2650 418 2709 nisi
442 2649 565 2728 habeat
596 2669 702 2711 unum
737 2648 1016 2724 fundamentum
1051 2653 1110 2713 sed

146 2756 214 2819 hie·
230 2775 297 2817 non
322 2764 376 2817 est
399 2775 503 2817 unum
530 2754 800 2825 fundamentum,
824 2758 906 2839 quia
929 2769 1008 2820 sunt
1039 2779 1111 2820 ver-

145 2864 230 2924 bum
255 2874 289 2924 et
316 2863 542 2933 elementum;
582 2882 677 2946 ergo.
703 2900 743 2909 —-
769 2865 985 2942 Respondebo
995 2890 1007 2925 .·
1046 2869 1109 2927 etsi

147 2972 213 3031 hoc
238 2968 324 3031 forte
348 2981 439 3031 esset
462 2990 580 3031 verum
606 2972 648 3032 de
664 2972 887 3032 relationibus
903 2972 1047 3038 realibus,
1068 2974 1110 3033 de

146 3078 274 3158 quibus
297 3087 350 3138 est
374 3076 525 3147 dubium,
560 3080 641 3158 quia
676 3080 709 3139 in
745 3079 862 3140 multis
897 3080 1110 3141 trahentibus

146 3203 263 3246 unam·
276 3204 410 3254 navem,
434 3196 489 3246 est
503 3204 571 3247 una
586 3185 708 3247 relatio
723 3186 989 3247 trahentiumad
1005 3206 1109 3248 unum

145 3300 315 3361 tractum3
353 3300 465 3353 tamen
495 3293 528 3355 in
554 3291 790 3354 relationibus·
811 3297 951 3361 ratiom's,
990 3313 1111 3375 propo·

144 3401 227 3461 sitio
260 3408 312 3460 est
347 3398 528 3461 manifeste
562 3397 657 3465 falsa.
694 3402 775 3479 quia
808 3410 1110 3481 quantumcunque

144 3507 284 3568 diversa
307 3517 459 3586 possunt
476 3526 677 3568 concurrere
702 3510 735 3567 in
760 3505 981 3568 fundamento
1008 3510 1110 3568 unius

144 3614 324 3676 relationis
347 3614 510 3687 rationis;
543 3634 612 3677 non
646 3615 736 3674 enim
772 3625 906 3694 oportet
940 3614 1033 3693 quod
1061 3615 1109 3675 ibi
