2600 4200
288 228 477 291 Dismucr.
503 228 629 290 XLIX
657 227 808 308 Quasi.
834 227 888 290 111
997 249 1058 308 393

209 409 266 468 Ad
284 409 376 468 aliud
396 408 533 488 quando
556 408 681 469 dicitur
704 407 796 488 quod
831 408 915 469 solae
948 408 1080 486 dimen-

111 515 235 576 siones
257 511 387 576 faciunt
410 515 547 582 distare,
560 515 642 594 quia
658 522 853 595 repugnant
868 513 1082 584 adinvicem,

111 619 196 681 dico
220 620 312 700 quod
334 620 412 681 duae
437 620 668 681 dimensiones
699 620 826 681 habent
857 620 900 681 ad
934 621 1082 682 invicem

115 726 269 808 aliquam
293 727 566 808 repugnantiam.
592 724 859 808 intelligendum
888 737 942 788 est
967 736 1083 788 tamen

111 833 212 913 quod
236 833 351 913 aliqua
380 841 527 912 possunt
560 833 625 894 sibi
662 833 845 912 dupliciter
878 851 1082 914 repugnare,

112 938 251 1000 scilicet
273 937 329 999 vel
352 937 540 1000 formaliter
562 939 619 1000 vel
636 938 846 1010 virtualiter;
873 939 951 1000 duae
967 950 1084 1026 autem

113 1045 351 1106 dimensiones
375 1063 442 1106 non
466 1045 593 1107 habent
624 1047 714 1106 inter
747 1063 784 1106 se
819 1047 1083 1126 repugnantiam

112 1148 296 1212 formalem
328 1152 389 1212 sed
419 1152 611 1213 virtualem.
648 1152 732 1213 Alia
765 1161 819 1214 est
852 1153 1085 1233 repugnantia

93 1255 283 1327 formalis,
307 1268 342 1319 et
365 1257 407 1319 de
430 1259 497 1319 ista
519 1258 659 1338 planum
683 1267 737 1319 est
760 1258 852 1339 quod
876 1258 955 1319 duae
979 1277 1086 1338 quan·

114 1365 238 1425 titates
260 1384 328 1426 non
352 1365 418 1426 sibi
442 1374 637 1447 repugnant
671 1363 873 1435 formaliter;
909 1364 970 1426 sed
1001 1365 1083 1426 talis

114 1471 349 1552 repugnantia
372 1482 425 1532 est
448 1471 592 1532 duarum
625 1469 811 1532 formarum
847 1473 882 1531 in
909 1489 1084 1550 compara·

114 1578 212 1638 tione
236 1577 279 1637 ad
302 1577 392 1638 idem
416 1577 606 1658 subjectum
642 1595 794 1638 numero.
832 1577 932 1639 Nunc
967 1586 1081 1638 autem

6 1718 7 1721 =
115 1685 348 1764 repugnantia
378 1683 521 1745 duarum
557 1684 787 1763 quantitatum
823 1702 891 1744 non
926 1694 980 1744 est
1015 1684 1081 1744 nisi

6 1818 7 1823 κ
115 1797 258 1868 propter
281 1789 490 1851 simultatem
514 1789 579 1851 loci
604 1790 659 1850 cui
684 1799 878 1870 repugnant
901 1788 1084 1850 dimensio-

117 1913 181 1956 nes
204 1895 282 1956 duae
306 1904 463 1977 respectu
479 1894 629 1975 ejusdem
646 1895 712 1956 loci
729 1914 831 1976 quem
847 1894 956 1975 replet
975 1914 1081 1956 unum

6 2060 14 2071 ,
114 2019 243 2081 corpus
266 2012 431 2097 quantum
455 2011 569 2082 potest
591 2001 730 2082 repleri;
756 2019 840 2084 ergo
857 2002 886 2062 si
903 2001 996 2062 aliud
1012 2019 1084 2062 cor·

115 2126 185 2187 pus
208 2108 354 2188 repleret
376 2109 521 2169 eundem
533 2109 647 2170 locum
660 2109 724 2170 erit
736 2109 965 2190 repugnantia
977 2127 1084 2189 quan-

18 2230 23 2239 ·
116 2215 209 2275 titati
232 2215 337 2295 priori
363 2234 430 2275 non
454 2214 642 2277 formaliter
665 2215 726 2276 sed
742 2215 935 2276 virtualiter
950 2216 1083 2276 ratione

10 2395 16 2414 Ι
119 2321 220 2382 istius
243 2317 384 2383 effectus
408 2322 466 2401 qui
491 2331 543 2382 est
567 2322 711 2402 repletio
734 2321 810 2391 loci,
844 2340 904 2401 per
935 2322 1080 2401 primam

117 2427 343 2506 quantitatem
368 2428 470 2487 unius
493 2429 645 2506 corporis
669 2447 710 2488 eo
734 2427 835 2487 modo
860 2446 928 2506 quo
950 2428 1083 2505 quanti·

24 2529 32 2625 1'
118 2541 173 2593 tas
195 2533 298 2594 habet
321 2530 505 2594 efficaciam
530 2533 630 2613 hujus
655 2529 806 2601 effectus,
831 2533 924 2611 quod
940 2540 1082 2593 estesse

18 2711 31 2771 Ᾱ

118 2640 155 2700 in
178 2638 254 2700 loco
277 2639 460 2720 repletive;
485 2640 546 2701 sed
569 2639 665 2700 Deus
689 2648 803 2719 potest
836 2638 956 2700 tollere
991 2638 1082 2699 hunc

17 2809 29 2825 ,Ι
117 2743 277 2807 effectum
309 2766 329 2807 a
362 2747 562 2826 quantitate,
600 2754 638 2806 ut
672 2745 750 2807 duae
785 2746 994 2824 quantitates
1025 2744 1082 2804 vel

23 2851 32 2905 ἴ
119 2851 235 2932 plures
259 2850 477 2926 non,faciant
501 2852 567 2912 nisi
591 2870 694 2912 unam
719 2850 783 2912 loci
802 2849 1034 2930 repletionem,
1047 2858 1085 2910 et

13 2959 23 3082 t

17 3265 33 3322 i

15 3369 30 3414 r

24 3471 36 3542 3v

21 3557 29 3608 l

19 3617 28 3680 i

26 3913 40 3948 ia

26 3977 33 3998 s

24 4009 33 4072 l

17 4083 34 4172 i

118 2976 188 3019 non
211 2957 375 3037 quaelibet
398 2976 506 3026 suam,
531 2958 620 3018 sicut
643 2956 739 3017 Deus
763 2964 877 3035 potest
900 2953 1011 3015 facere
1031 2973 1084 3014 ca·

119 3064 225 3124 iorem
249 3064 380 3144 absque
403 3062 634 3133 calefactione,
659 3064 750 3124 sicut
772 3063 807 3123 in
832 3061 942 3133 tribus
953 3061 1080 3140 pueris.
1113 3084 1117 3096 ·

208 3170 265 3230 Ad
283 3171 376 3230 aliud
394 3170 436 3231 de
467 3170 697 3251 repugnantia
727 3168 972 3229 contrariorum
1004 3166 1082 3227 dico

119 3277 212 3357 quod
235 3286 287 3337 est
310 3278 390 3338 talis
414 3277 529 3357 aliquo
560 3276 662 3337 modo
693 3284 728 3337 et
763 3274 830 3335 alio
864 3274 966 3335 modo
1001 3292 1081 3333 non.

120 3382 184 3446 Est
207 3385 297 3445 enim
322 3384 401 3445 talis
424 3384 618 3444 virtualiter
640 3401 708 3443 non
732 3391 847 3442 tamen
878 3379 1080 3450 formaliter;

119 3490 197 3552 duae
222 3492 312 3552 enim
336 3492 546 3570 quantitates
570 3490 644 3549 sive
668 3489 898 3550 dimensiones
930 3496 1011 3548 sunt
1044 3494 1084 3547 ut

120 3598 155 3658 in
177 3597 297 3659 eodem
321 3596 397 3658 loco
420 3605 601 3664 contentae,
627 3595 688 3655 sed
711 3596 880 3655 contraria
904 3602 984 3654 sunt
1018 3590 1084 3653 lor·
