2600 4200
369 204 557 286 D1srmcr.
584 205 617 264 V
643 204 796 285 QuAEsr.
821 204 874 266 ΙΙΙ
1041 209 1083 283 69

141 385 264 463 inquit,
289 383 365 445 dico
389 392 424 444 et
450 402 513 444 nos
548 383 693 444 dicimus
728 402 857 453 omnes
883 384 965 463 quia
994 384 1109 464 justos

141 499 278 570 oportet
301 509 376 552 esse
399 491 485 552 tanti
505 489 631 570 judicis
654 491 831 552 ministros
845 509 908 570 per
918 509 1006 570 quos
1027 490 1111 570 bap-

141 600 266 659 tizatur
289 598 377 658 sicut
400 598 547 659 ministri
578 597 662 676 justi
697 598 737 659 si.
761 596 893 668 volunt,
927 599 958 658 si
992 606 1106 659 autem

142 704 264 766 nolunt
287 723 363 766 esse
382 705 466 784 justi
484 722 641 766 securum
657 722 712 769 me
727 702 809 765 facit
825 703 995 784 Magister
1009 723 1110 765 meus

141 811 184 873 de
201 831 269 891 quo
287 808 437 890 Spiritus
455 808 602 872 Sanctus
615 810 712 872 dicit:
729 810 785 871 hic
801 819 854 871 est
870 811 928 890 qui
945 811 1107 891 baptizat.

232 917 297 978 Sed
333 919 473 977 diceres:
513 917 668 997 nunquid
696 917 865 996 recipiens
889 916 1106 997 Baptismum

142 1027 290 1086 scienter
312 1044 332 1085 a
355 1023 416 1086 tali
441 1021 626 1086 Sacerdote
650 1023 741 1084 malo
764 1031 883 1102 peccat
905 1023 1105 1084 mortaliter.

142 1133 322 1210 Responderi
345 1130 437 1210 quod
460 1129 572 1193 malus
596 1130 752 1191 minister
780 1139 839 1190 aut
862 1140 914 1191 est
942 1131 1111 1210 praecisus

141 1237 293 1299 totaliter
316 1239 358 1298 ab
387 1236 543 1298 Ecclesia
582 1236 638 1298 vel
677 1237 720 1298 ad
758 1246 904 1317 tempus,
940 1245 999 1298 aut
1037 1256 1106 1298 non

141 1346 318 1425 praecisus,
357 1354 391 1405 et
430 1345 464 1406 in
503 1353 649 1424 utroque
687 1345 840 1405 membro
878 1353 993 1423 potest
1030 1362 1109 1405 esse

142 1451 294 1538 dubium.

231 1559 283 1618 De
299 1559 411 1636 primo
435 1566 548 1618 autem
573 1567 655 1618 sunt
682 1557 750 1618 duo
774 1557 866 1617 modi
891 1556 1024 1618 dicendi
1049 1575 1109 1637 op-

142 1666 256 1744 positi.
288 1665 379 1724 Unus
402 1664 484 1724 dicit
507 1664 600 1744 quod
624 1672 758 1724 tenetur
782 1665 860 1743 quis
884 1683 904 1723 a
927 1663 986 1724 tali
1010 1665 1109 1724 mini-

142 1780 214 1832 stro
237 1772 388 1850 recipere
415 1770 631 1850 Baptismum
667 1771 696 1831 si
731 1789 799 1830 non
833 1778 948 1850 potest
981 1769 1107 1830 habere

143 1877 247 1940 alium
270 1878 475 1948 ministrum,
500 1878 581 1957 quia
604 1877 805 1956 Baptismus
835 1885 887 1936 est
911 1873 1109 1938 Sacramen-

142 1994 214 2046 tum
239 1984 462 2045 necessitatis.
480 1985 575 2042 Alz'us
591 1983 699 2042 modus
714 1983 797 2043 dicit
813 1982 905 2062 quod
921 2002 989 2043 non
1006 1982 1107 2044 debet

142 2091 292 2171 recipere
316 2083 542 2170 Baptismum‚
567 2098 601 2150 et
625 2091 654 2150 si
678 2091 799 2171 recipit
822 2110 843 2150 a
865 2089 925 2150 tali
949 2090 1109 2151 ministro

141 2197 331 2259 mortaliter
364 2195 564 2277 peccatEt
597 2197 662 2257 hoc
696 2196 887 2258 declaratur
920 2198 990 2257 sic:
1025 2197 1110 2276 quia

141 2304 367 2385 baptizandus
391 2312 450 2365 aut
472 2312 525 2365 est
549 2302 686 2365 adultus
710 2312 768 2364 aut
791 2311 843 2364 est
866 2303 1041 2383 parvulus.
1067 2300 1106 2365 Si

143 2411 281 2472 adultus
304 2408 428 2471 sufficit
455 2411 647 2489 baptismus
681 2407 831 2471 flaminis
865 2411 1002 2490 quando
1037 2430 1106 2471 non

142 2527 256 2597 potest
279 2516 404 2579 habere
427 2518 634 2597 baptismum
659 2514 819 2578 fluminis
834 2514 871 2578 Si
889 2526 1003 2578 autem
1026 2517 1109 2597 bap-

143 2623 298 2685 tizandus
322 2626 366 2684 sit
389 2624 565 2705 parvulus
590 2623 720 2684 habens
747 2622 929 2703 parvulum
956 2623 1108 2702 baptizet

142 2750 221 2792 eum
245 2732 273 2792 si
298 2749 365 2791 non
390 2739 504 2810 potest
526 2729 651 2790 habere
676 2730 780 2790 alium
804 2731 917 2811 magis
933 2730 1104 2800 idoneum,

142 2838 224 2917 quia
246 2855 322 2897 cum
347 2838 491 2917 praeciso
515 2855 582 2897 non
607 2836 687 2897 iicet
710 2837 776 2897 sibi
803 2837 1018 2897 comunicare
1041 2855 1107 2916 pro

141 2943 288 3024 parvulo
311 2962 382 3004 su0.

232 3048 302 3113 Sed
325 3060 443 3111 contra
467 3049 562 3121 illud,
586 3050 669 3129 quia
691 3059 901 3129 praeceptum
918 3051 1110 3129 superioris

142 3157 222 3236 pius
245 3156 377 3239 obligat
389 3176 491 3236 quam
504 3164 712 3237 praeceptum
730 3153 914 3228 inferioris;
932 3156 994 3216 sed
1009 3156 1106 3217 Deus

141 3265 304 3343 praeeepit
328 3264 543 3343 Baptismum
568 3263 706 3341 suscipi,
731 3261 887 3323 Ecclesia
902 3272 1015 3323 autem
1031 3282 1112 3342 pro·

142 3370 237 3431 hibet
264 3372 513 3432 communicare
547 3388 624 3431 cum
659 3371 816 3448 praeciso;
853 3370 959 3449 igitur
993 3370 1107 3451 magis

142 3486 196 3537 est
219 3478 445 3538 obediendum
469 3485 642 3557 praecepto
666 3476 784 3536 divino
812 3494 914 3554 quam
939 3474 1106 3536 Ecclesiae

145 3584 180 3643 in
204 3582 264 3644 ilio
286 3603 378 3645 casu.
