<?xml version="1.0" encoding="UTF-8"?>
<!DOCTYPE html PUBLIC "-//W3C//DTD XHTML 1.0 Transitional//EN"
    "http://www.w3.org/TR/xhtml1/DTD/xhtml1-transitional.dtd">
<html xmlns="http://www.w3.org/1999/xhtml" xml:lang="en" lang="en">
 <head>
  <title>
</title>
<meta http-equiv="Content-Type" content="text/html;charset=utf-8" />
  <meta name='ocr-system' content='tesseract 3.04.00' />
  <meta name='ocr-capabilities' content='ocr_page ocr_carea ocr_par ocr_line ocrx_word'/>
</head>
<body>
  <div class='ocr_page' id='page_1' title='image "./commentariainli02scotgoog_0309.png"; bbox 0 0 2600 4200; ppageno 0'>
   <div class='ocr_carea' id='block_1_1' title="bbox 319 244 1022 328">
    <p class='ocr_par' dir='ltr' id='par_1_1' title="bbox 319 244 1022 328">
     <span class='ocr_line' id='line_1_1' title="bbox 319 244 1022 328; baseline 0.009 -22"><span class='ocrx_word' id='word_1_1' title='bbox 319 244 509 308; x_wconf 78' lang='lat' dir='ltr'><strong>Drsrmcr.</strong></span> <span class='ocrx_word' id='word_1_2' title='bbox 534 245 569 308; x_wconf 94' lang='lat' dir='ltr'><strong>II</strong></span> <span class='ocrx_word' id='word_1_3' title='bbox 592 245 746 328; x_wconf 70' lang='lat' dir='ltr'><strong>Qumsr.</strong></span> <span class='ocrx_word' id='word_1_4' title='bbox 765 245 799 309; x_wconf 93' lang='grc' dir='ltr'><strong>ΙΙ</strong></span> <span class='ocrx_word' id='word_1_5' title='bbox 985 269 1022 328; x_wconf 84' lang='lat'><strong>3¹</strong></span> 
     </span>
    </p>
   </div>
   <div class='ocr_carea' id='block_1_2' title="bbox 80 422 1051 1660">
    <p class='ocr_par' dir='ltr' id='par_1_2' title="bbox 80 422 1051 1660">
     <span class='ocr_line' id='line_1_2' title="bbox 81 422 1051 509; baseline 0.003 -23"><span class='ocrx_word' id='word_1_6' title='bbox 81 435 134 486; x_wconf 89' lang='lat' dir='ltr'><strong>est</strong></span> <span class='ocrx_word' id='word_1_7' title='bbox 156 424 273 486; x_wconf 83' lang='lat' dir='ltr'><strong>dicere</strong></span> <span class='ocrx_word' id='word_1_8' title='bbox 297 424 390 505; x_wconf 90' lang='lat' dir='ltr'><strong>quod</strong></span> <span class='ocrx_word' id='word_1_9' title='bbox 412 422 514 486; x_wconf 84' lang='lat' dir='ltr'><strong>luerit</strong></span> <span class='ocrx_word' id='word_1_10' title='bbox 537 426 696 488; x_wconf 88' lang='lat' dir='ltr'><strong>instituta</strong></span> <span class='ocrx_word' id='word_1_11' title='bbox 719 445 740 487; x_wconf 87' lang='lat' dir='ltr'><strong>a</strong></span> <span class='ocrx_word' id='word_1_12' title='bbox 773 424 931 498; x_wconf 88' lang='lat' dir='ltr'><strong>Christo;</strong></span> <span class='ocrx_word' id='word_1_13' title='bbox 967 428 1051 509; x_wconf 79' lang='lat' dir='ltr'><strong>legi·</strong></span> 
     </span>
     <span class='ocr_line' id='line_1_3' title="bbox 81 529 1050 614; baseline 0.003 -22"><span class='ocrx_word' id='word_1_14' title='bbox 81 550 159 592; x_wconf 91' lang='lat' dir='ltr'><strong>mus</strong></span> <span class='ocrx_word' id='word_1_15' title='bbox 183 533 277 592; x_wconf 87' lang='lat' dir='ltr'><strong>enim</strong></span> <span class='ocrx_word' id='word_1_16' title='bbox 300 531 409 592; x_wconf 85' lang='lat' dir='ltr'><strong>Marci</strong></span> <span class='ocrx_word' id='word_1_17' title='bbox 429 536 457 592; x_wconf 86' lang='grc' dir='ltr'><strong>ό.</strong></span> <span class='ocrx_word' id='word_1_18' title='bbox 482 532 575 612; x_wconf 92' lang='lat' dir='ltr'><strong>quod</strong></span> <span class='ocrx_word' id='word_1_19' title='bbox 599 529 763 613; x_wconf 85' lang='lat' dir='ltr'>Apostoli</span> <span class='ocrx_word' id='word_1_20' title='bbox 780 533 956 614; x_wconf 84' lang='lat' dir='ltr'><strong>ungebant</strong></span> <span class='ocrx_word' id='word_1_21' title='bbox 972 533 1050 595; x_wconf 89' lang='lat' dir='ltr'><strong>oleo</strong></span> 
     </span>
     <span class='ocr_line' id='line_1_4' title="bbox 82 635 1048 710; baseline 0.003 -12"><span class='ocrx_word' id='word_1_22' title='bbox 82 637 212 699; x_wconf 90' lang='lat' dir='ltr'><strong>multos</strong></span> <span class='ocrx_word' id='word_1_23' title='bbox 235 635 398 708; x_wconf 86' lang='lat' dir='ltr'><strong>infirmos,</strong></span> <span class='ocrx_word' id='word_1_24' title='bbox 434 645 468 700; x_wconf 87' lang='lat' dir='ltr'><strong>et</strong></span> <span class='ocrx_word' id='word_1_25' title='bbox 502 638 730 710; x_wconf 86' lang='lat' dir='ltr'><strong>sanabantur;</strong></span> <span class='ocrx_word' id='word_1_26' title='bbox 766 647 901 702; x_wconf 84' lang='lat' dir='ltr'><strong>constat</strong></span> <span class='ocrx_word' id='word_1_27' title='bbox 935 649 1048 701; x_wconf 89' lang='lat' dir='ltr'><strong>autem</strong></span> 
     </span>
     <span class='ocr_line' id='line_1_5' title="bbox 82 743 1049 827; baseline 0.003 -22"><span class='ocrx_word' id='word_1_28' title='bbox 82 744 176 824; x_wconf 92' lang='lat' dir='ltr'><strong>quod</strong></span> <span class='ocrx_word' id='word_1_29' title='bbox 200 745 266 806; x_wconf 90' lang='lat' dir='ltr'><strong>hoc</strong></span> <span class='ocrx_word' id='word_1_30' title='bbox 290 764 358 805; x_wconf 92' lang='lat' dir='ltr'><strong>non</strong></span> <span class='ocrx_word' id='word_1_31' title='bbox 381 743 535 808; x_wconf 87' lang='lat' dir='ltr'><strong>iecemnt</strong></span> <span class='ocrx_word' id='word_1_32' title='bbox 559 747 624 808; x_wconf 89' lang='lat' dir='ltr'><strong>nisi</strong></span> <span class='ocrx_word' id='word_1_33' title='bbox 649 746 684 807; x_wconf 92' lang='lat' dir='ltr'><strong>in</strong></span> <span class='ocrx_word' id='word_1_34' title='bbox 702 747 830 808; x_wconf 86' lang='lat' dir='ltr'><strong>virtute</strong></span> <span class='ocrx_word' id='word_1_35' title='bbox 846 744 973 809; x_wconf 90' lang='lat' dir='ltr'><strong>Christi</strong></span> <span class='ocrx_word' id='word_1_36' title='bbox 989 749 1049 827; x_wconf 91' lang='lat' dir='ltr'><strong>qui</strong></span> 
     </span>
     <span class='ocr_line' id='line_1_6' title="bbox 82 851 1048 922; baseline 0.001 -10"><span class='ocrx_word' id='word_1_37' title='bbox 82 852 281 913; x_wconf 81' lang='lat' dir='ltr'><strong>instituerat</strong></span> <span class='ocrx_word' id='word_1_38' title='bbox 303 851 397 912; x_wconf 87' lang='lat' dir='ltr'><strong>illam</strong></span> <span class='ocrx_word' id='word_1_39' title='bbox 414 853 619 913; x_wconf 90' lang='lat' dir='ltr'><strong>unctionem.</strong></span> <span class='ocrx_word' id='word_1_40' title='bbox 637 851 692 914; x_wconf 91' lang='lat' dir='ltr'><strong>De</strong></span> <span class='ocrx_word' id='word_1_41' title='bbox 708 851 940 922; x_wconf 81' lang='lat' dir='ltr'><strong>Matrimonia,</strong></span> <span class='ocrx_word' id='word_1_42' title='bbox 958 853 1048 914; x_wconf 92' lang='lat' dir='ltr'><strong>idem</strong></span> 
     </span>
     <span class='ocr_line' id='line_1_7' title="bbox 81 957 1051 1040; baseline 0.002 -22"><span class='ocrx_word' id='word_1_43' title='bbox 81 967 227 1039; x_wconf 84' lang='lat' dir='ltr'><strong>apparet</strong></span> <span class='ocrx_word' id='word_1_44' title='bbox 251 957 363 1018; x_wconf 71' lang='lat' dir='ltr'><strong>Marta.</strong></span> <span class='ocrx_word' id='word_1_45' title='bbox 381 977 429 1033; x_wconf 81' lang='lat'><strong>19.</strong></span> <span class='ocrx_word' id='word_1_46' title='bbox 443 980 455 1018; x_wconf 90' lang='lat'><strong>.·</strong></span> <span class='ocrx_word' id='word_1_47' title='bbox 480 975 549 1019; x_wconf 93' lang='lat' dir='ltr'><strong>non</strong></span> <span class='ocrx_word' id='word_1_48' title='bbox 566 959 713 1040; x_wconf 85' lang='lat' dir='ltr'><strong>legistis,</strong></span> <span class='ocrx_word' id='word_1_49' title='bbox 730 960 851 1039; x_wconf 92' lang='lat' dir='ltr'><strong>inquit,</strong></span> <span class='ocrx_word' id='word_1_50' title='bbox 869 959 962 1039; x_wconf 91' lang='lat' dir='ltr'><strong>quod</strong></span> <span class='ocrx_word' id='word_1_51' title='bbox 982 978 1051 1020; x_wconf 89' lang='lat' dir='ltr'><strong>ma·</strong></span> 
     </span>
     <span class='ocr_line' id='line_1_8' title="bbox 80 1061 1050 1136; baseline 0.001 -10"><span class='ocrx_word' id='word_1_52' title='bbox 80 1065 218 1126; x_wconf 90' lang='lat' dir='ltr'><strong>sculum</strong></span> <span class='ocrx_word' id='word_1_53' title='bbox 242 1072 277 1125; x_wconf 90' lang='lat' dir='ltr'><strong>et</strong></span> <span class='ocrx_word' id='word_1_54' title='bbox 299 1061 460 1126; x_wconf 85' lang='lat' dir='ltr'><strong>feminam</strong></span> <span class='ocrx_word' id='word_1_55' title='bbox 484 1063 566 1126; x_wconf 88' lang='lat' dir='ltr'><strong>iecit</strong></span> <span class='ocrx_word' id='word_1_56' title='bbox 588 1084 648 1127; x_wconf 89' lang='lat' dir='ltr'><strong>eos</strong></span> <span class='ocrx_word' id='word_1_57' title='bbox 671 1065 853 1135; x_wconf 85' lang='lat' dir='ltr'><strong>Dominus,</strong></span> <span class='ocrx_word' id='word_1_58' title='bbox 884 1077 919 1128; x_wconf 89' lang='lat' dir='ltr'><strong>et</strong></span> <span class='ocrx_word' id='word_1_59' title='bbox 949 1066 1050 1136; x_wconf 87' lang='lat' dir='ltr'><strong>dixit,</strong></span> 
     </span>
     <span class='ocr_line' id='line_1_9' title="bbox 80 1171 1049 1253; baseline 0.001 -20"><span class='ocrx_word' id='word_1_60' title='bbox 80 1171 208 1252; x_wconf 84' lang='lat' dir='ltr'><strong>supple</strong></span> <span class='ocrx_word' id='word_1_61' title='bbox 232 1190 293 1251; x_wconf 92' lang='lat' dir='ltr'><strong>per</strong></span> <span class='ocrx_word' id='word_1_62' title='bbox 315 1189 356 1232; x_wconf 92' lang='lat' dir='ltr'><strong>os</strong></span> <span class='ocrx_word' id='word_1_63' title='bbox 379 1171 481 1240; x_wconf 88' lang='lat' dir='ltr'><strong>Adae,</strong></span> <span class='ocrx_word' id='word_1_64' title='bbox 510 1172 732 1251; x_wconf 86' lang='lat' dir='ltr'><strong>quamobrem</strong></span> <span class='ocrx_word' id='word_1_65' title='bbox 755 1172 929 1253; x_wconf 89' lang='lat' dir='ltr'><strong>relinquet</strong></span> <span class='ocrx_word' id='word_1_66' title='bbox 945 1172 1049 1234; x_wconf 92' lang='lat' dir='ltr'><strong>homo</strong></span> 
     </span>
     <span class='ocr_line' id='line_1_10' title="bbox 81 1277 1050 1360; baseline 0.002 -21"><span class='ocrx_word' id='word_1_67' title='bbox 81 1287 217 1358; x_wconf 88' lang='lat' dir='ltr'><strong>patrem</strong></span> <span class='ocrx_word' id='word_1_68' title='bbox 242 1287 276 1338; x_wconf 91' lang='lat' dir='ltr'><strong>et</strong></span> <span class='ocrx_word' id='word_1_69' title='bbox 299 1286 443 1338; x_wconf 89' lang='lat' dir='ltr'><strong>matrem</strong></span> <span class='ocrx_word' id='word_1_70' title='bbox 466 1287 541 1348; x_wconf 80' lang='lat' dir='ltr'><strong>eto,</strong></span> <span class='ocrx_word' id='word_1_71' title='bbox 566 1278 624 1340; x_wconf 90' lang='lat' dir='ltr'><strong>ubi</strong></span> <span class='ocrx_word' id='word_1_72' title='bbox 649 1277 809 1342; x_wconf 87' lang='lat' dir='ltr'><strong>Christus</strong></span> <span class='ocrx_word' id='word_1_73' title='bbox 832 1280 999 1360; x_wconf 84' lang='lat' dir='ltr'><strong>approbat</strong></span> <span class='ocrx_word' id='word_1_74' title='bbox 1015 1288 1050 1341; x_wconf 93' lang='lat' dir='ltr'><strong>et</strong></span> 
     </span>
     <span class='ocr_line' id='line_1_11' title="bbox 80 1383 1050 1467; baseline 0.001 -21"><span class='ocrx_word' id='word_1_75' title='bbox 80 1383 231 1448; x_wconf 84' lang='lat' dir='ltr'><strong>ratificat</strong></span> <span class='ocrx_word' id='word_1_76' title='bbox 254 1383 290 1445; x_wconf 93' lang='lat' dir='ltr'><strong>id</strong></span> <span class='ocrx_word' id='word_1_77' title='bbox 313 1385 405 1464; x_wconf 92' lang='lat' dir='ltr'><strong>quod</strong></span> <span class='ocrx_word' id='word_1_78' title='bbox 429 1384 525 1446; x_wconf 88' lang='lat' dir='ltr'><strong>Deus</strong></span> <span class='ocrx_word' id='word_1_79' title='bbox 550 1386 584 1446; x_wconf 95' lang='lat' dir='ltr'><strong>in</strong></span> <span class='ocrx_word' id='word_1_80' title='bbox 602 1393 695 1447; x_wconf 89' lang='lat' dir='ltr'><strong>statu</strong></span> <span class='ocrx_word' id='word_1_81' title='bbox 713 1386 919 1448; x_wconf 71' lang='lat' dir='ltr'><strong>innocentiae</strong></span> <span class='ocrx_word' id='word_1_82' title='bbox 932 1405 994 1467; x_wconf 93' lang='lat' dir='ltr'><strong>per</strong></span> <span class='ocrx_word' id='word_1_83' title='bbox 1010 1405 1050 1447; x_wconf 91' lang='lat' dir='ltr'><strong>os</strong></span> 
     </span>
     <span class='ocr_line' id='line_1_12' title="bbox 80 1489 1048 1573; baseline 0 -19"><span class='ocrx_word' id='word_1_84' title='bbox 80 1492 175 1554; x_wconf 81' lang='lat' dir='ltr'><strong>Adae</strong></span> <span class='ocrx_word' id='word_1_85' title='bbox 199 1491 399 1571; x_wconf 89' lang='lat' dir='ltr'><strong>publicavit.</strong></span> <span class='ocrx_word' id='word_1_86' title='bbox 425 1489 480 1552; x_wconf 93' lang='lat' dir='ltr'><strong>De</strong></span> <span class='ocrx_word' id='word_1_87' title='bbox 514 1489 654 1560; x_wconf 87' lang='lat' dir='ltr'><strong>Ordine,</strong></span> <span class='ocrx_word' id='word_1_88' title='bbox 691 1500 787 1573; x_wconf 89' lang='lat' dir='ltr'><strong>patet</strong></span> <span class='ocrx_word' id='word_1_89' title='bbox 821 1493 934 1554; x_wconf 80' lang='lat' dir='ltr'><strong>Mallh.</strong></span> <span class='ocrx_word' id='word_1_90' title='bbox 971 1498 1022 1554; x_wconf 74' lang='lat'><strong>26.</strong></span> <span class='ocrx_word' id='word_1_91' title='bbox 1036 1515 1048 1552; x_wconf 91' lang='lat'><strong>.·</strong></span> 
     </span>
     <span class='ocr_line' id='line_1_13' title="bbox 80 1595 869 1660; baseline 0 0"><span class='ocrx_word' id='word_1_92' title='bbox 80 1599 146 1660; x_wconf 91' lang='lat' dir='ltr'><strong>hoc</strong></span> <span class='ocrx_word' id='word_1_93' title='bbox 172 1595 275 1659; x_wconf 82' lang='lat' dir='ltr'><strong>facite</strong></span> <span class='ocrx_word' id='word_1_94' title='bbox 299 1599 333 1659; x_wconf 94' lang='lat' dir='ltr'><strong>in</strong></span> <span class='ocrx_word' id='word_1_95' title='bbox 358 1616 468 1660; x_wconf 88' lang='lat' dir='ltr'><strong>meam</strong></span> <span class='ocrx_word' id='word_1_96' title='bbox 501 1600 869 1660; x_wconf 80' lang='lat' dir='ltr'><strong>commemorationem.</strong></span> 
     </span>
    </p>
   </div>
   <div class='ocr_carea' id='block_1_3' title="bbox 79 1791 1051 2078">
    <p class='ocr_par' dir='ltr' id='par_1_3' title="bbox 79 1791 1051 2078">
     <span class='ocr_line' id='line_1_14' title="bbox 171 1791 1051 1864; baseline 0.001 -9"><span class='ocrx_word' id='word_1_97' title='bbox 171 1791 237 1855; x_wconf 84' lang='lat' dir='ltr'><strong>An</strong></span> <span class='ocrx_word' id='word_1_98' title='bbox 261 1805 417 1854; x_wconf 72' lang='lat' dir='ltr'><strong>pararunt</strong></span> <span class='ocrx_word' id='word_1_99' title='bbox 440 1805 681 1864; x_wconf 71' lang='lat' dir='ltr'><strong>emensus,</strong></span> <span class='ocrx_word' id='word_1_100' title='bbox 705 1813 782 1855; x_wconf 83' lang='lat' dir='ltr'><strong>cum</strong></span> <span class='ocrx_word' id='word_1_101' title='bbox 807 1793 951 1856; x_wconf 85' lang='lat' dir='ltr'><strong>dicitur:</strong></span> <span class='ocrx_word' id='word_1_102' title='bbox 969 1805 1051 1856; x_wconf 90' lang='lat' dir='ltr'><strong>sunt</strong></span> 
     </span>
     <span class='ocr_line' id='line_1_15' title="bbox 79 1899 1051 1980; baseline 0.001 -19"><span class='ocrx_word' id='word_1_103' title='bbox 79 1909 217 1962; x_wconf 89' lang='lat' dir='ltr'><strong>tantum</strong></span> <span class='ocrx_word' id='word_1_104' title='bbox 242 1899 311 1960; x_wconf 93' lang='lat' dir='ltr'><strong>duo</strong></span> <span class='ocrx_word' id='word_1_105' title='bbox 327 1899 479 1969; x_wconf 81' lang='lat' dir='ltr'><strong>vulnera,</strong></span> <span class='ocrx_word' id='word_1_106' title='bbox 497 1899 628 1962; x_wconf 86' lang='lat' dir='ltr'><strong>scilieet</strong></span> <span class='ocrx_word' id='word_1_107' title='bbox 644 1899 756 1980; x_wconf 84' lang='lat' dir='ltr'><strong>culpae</strong></span> <span class='ocrx_word' id='word_1_108' title='bbox 773 1909 807 1962; x_wconf 93' lang='lat' dir='ltr'><strong>et</strong></span> <span class='ocrx_word' id='word_1_109' title='bbox 827 1919 952 1980; x_wconf 85' lang='lat' dir='ltr'><strong>poenae,</strong></span> <span class='ocrx_word' id='word_1_110' title='bbox 973 1900 1051 1962; x_wconf 81' lang='lat' dir='ltr'><strong>con·</strong></span> 
     </span>
     <span class='ocr_line' id='line_1_16' title="bbox 79 2005 1051 2078; baseline 0.001 -10"><span class='ocrx_word' id='word_1_111' title='bbox 79 2007 238 2078; x_wconf 88' lang='lat' dir='ltr'><strong>ceditur;</strong></span> <span class='ocrx_word' id='word_1_112' title='bbox 262 2005 323 2066; x_wconf 85' lang='lat' dir='ltr'><strong>sed</strong></span> <span class='ocrx_word' id='word_1_113' title='bbox 347 2006 407 2067; x_wconf 91' lang='lat' dir='ltr'><strong>illa</strong></span> <span class='ocrx_word' id='word_1_114' title='bbox 430 2005 574 2068; x_wconf 86' lang='lat' dir='ltr'><strong>vulnera</strong></span> <span class='ocrx_word' id='word_1_115' title='bbox 607 2006 734 2068; x_wconf 77' lang='lat' dir='ltr'><strong>habent</strong></span> <span class='ocrx_word' id='word_1_116' title='bbox 768 2006 923 2069; x_wconf 87' lang='lat' dir='ltr'><strong>diversas</strong></span> <span class='ocrx_word' id='word_1_117' title='bbox 957 2005 1051 2069; x_wconf 88' lang='lat' dir='ltr'><strong>diffe-</strong></span> 
     </span>
    </p>
   </div>
   <div class='ocr_carea' id='block_1_4' title="bbox 77 2111 1051 2408">
    <p class='ocr_par' dir='ltr' id='par_1_4' title="bbox 77 2111 1051 2408">
     <span class='ocr_line' id='line_1_17' title="bbox 78 2111 1050 2194; baseline 0 -17"><span class='ocrx_word' id='word_1_118' title='bbox 78 2116 223 2183; x_wconf 84' lang='lat' dir='ltr'><strong>rentias,</strong></span> <span class='ocrx_word' id='word_1_119' title='bbox 248 2123 283 2174; x_wconf 88' lang='lat' dir='ltr'><strong>et</strong></span> <span class='ocrx_word' id='word_1_120' title='bbox 306 2132 412 2194; x_wconf 88' lang='lat' dir='ltr'><strong>penes</strong></span> <span class='ocrx_word' id='word_1_121' title='bbox 436 2132 553 2176; x_wconf 89' lang='lat' dir='ltr'><strong>eorum</strong></span> <span class='ocrx_word' id='word_1_122' title='bbox 578 2111 789 2179; x_wconf 84' lang='lat' dir='ltr'><strong>differentias</strong></span> <span class='ocrx_word' id='word_1_123' title='bbox 812 2117 960 2178; x_wconf 88' lang='lat' dir='ltr'><strong>sumitur</strong></span> <span class='ocrx_word' id='word_1_124' title='bbox 990 2113 1050 2177; x_wconf 86' lang='lat' dir='ltr'><strong>Sa-</strong></span> 
     </span>
     <span class='ocr_line' id='line_1_18' title="bbox 77 2220 1051 2301; baseline -0.002 -16"><span class='ocrx_word' id='word_1_125' title='bbox 77 2231 337 2284; x_wconf 88' lang='lat' dir='ltr'><strong>cramentorum</strong></span> <span class='ocrx_word' id='word_1_126' title='bbox 360 2220 550 2301; x_wconf 75' lang='lat' dir='ltr'><strong>pluralitas,</strong></span> <span class='ocrx_word' id='word_1_127' title='bbox 575 2230 613 2283; x_wconf 92' lang='lat' dir='ltr'><strong>ut</strong></span> <span class='ocrx_word' id='word_1_128' title='bbox 635 2231 731 2301; x_wconf 88' lang='lat' dir='ltr'><strong>patet</strong></span> <span class='ocrx_word' id='word_1_129' title='bbox 747 2223 782 2283; x_wconf 90' lang='lat' dir='ltr'><strong>in</strong></span> <span class='ocrx_word' id='word_1_130' title='bbox 799 2222 949 2283; x_wconf 85' lang='lat' dir='ltr'><strong>secunda</strong></span> <span class='ocrx_word' id='word_1_131' title='bbox 965 2220 1051 2284; x_wconf 92' lang='lat' dir='ltr'><strong>Con-</strong></span> 
     </span>
     <span class='ocr_line' id='line_1_19' title="bbox 77 2324 612 2408; baseline -0.006 -17"><span class='ocrx_word' id='word_1_132' title='bbox 77 2329 241 2391; x_wconf 89' lang='lat' dir='ltr'><strong>clusione</strong></span> <span class='ocrx_word' id='word_1_133' title='bbox 265 2327 367 2407; x_wconf 87' lang='lat' dir='ltr'><strong>hujus</strong></span> <span class='ocrx_word' id='word_1_134' title='bbox 391 2324 612 2408; x_wconf 85' lang='lat' dir='ltr'><strong>Quaestionis.</strong></span> 
     </span>
    </p>
   </div>
   <div class='ocr_carea' id='block_1_5' title="bbox 444 2644 695 2727">
    <p class='ocr_par' dir='ltr' id='par_1_5' title="bbox 444 2644 695 2727">
     <span class='ocr_line' id='line_1_20' title="bbox 444 2644 695 2727; baseline 0 -20"><span class='ocrx_word' id='word_1_135' title='bbox 444 2644 627 2727; x_wconf 76' lang='lat' dir='ltr'><strong>Quassuo</strong></span> <span class='ocrx_word' id='word_1_136' title='bbox 651 2645 695 2707; x_wconf 91' lang='lat'><strong>11.</strong></span> 
     </span>
    </p>
   </div>
   <div class='ocr_carea' id='block_1_6' title="bbox 176 2806 955 2884">
    <p class='ocr_par' dir='ltr' id='par_1_6' title="bbox 176 2806 955 2884">
     <span class='ocr_line' id='line_1_21' title="bbox 176 2806 955 2884; baseline -0.001 -18"><span class='ocrx_word' id='word_1_137' title='bbox 176 2807 236 2867; x_wconf 78' lang='lat' dir='ltr'><strong>Ad</strong></span> <span class='ocrx_word' id='word_1_138' title='bbox 255 2806 422 2866; x_wconf 84' lang='lat' dir='ltr'><strong>secundam</strong></span> <span class='ocrx_word' id='word_1_139' title='bbox 449 2806 658 2880; x_wconf 81' lang='lat' dir='ltr'><strong>Quaeslionem</strong></span> <span class='ocrx_word' id='word_1_140' title='bbox 682 2808 726 2866; x_wconf 80' lang='lat' dir='ltr'><strong>sic</strong></span> <span class='ocrx_word' id='word_1_141' title='bbox 751 2808 933 2884; x_wconf 80' lang='lat' dir='ltr'><strong>proceditur</strong></span> <span class='ocrx_word' id='word_1_142' title='bbox 944 2827 955 2866; x_wconf 92' lang='lat'><strong>.·</strong></span> 
     </span>
    </p>
   </div>
   <div class='ocr_carea' id='block_1_7' title="bbox 76 2980 1052 3705">
    <p class='ocr_par' dir='ltr' id='par_1_7' title="bbox 76 2980 1052 3598">
     <span class='ocr_line' id='line_1_22' title="bbox 172 2980 1049 3064; baseline -0.001 -19"><span class='ocrx_word' id='word_1_143' title='bbox 172 2982 324 3045; x_wconf 89' lang='lat' dir='ltr'><strong>Videtur</strong></span> <span class='ocrx_word' id='word_1_144' title='bbox 347 2983 439 3063; x_wconf 90' lang='lat' dir='ltr'><strong>quod</strong></span> <span class='ocrx_word' id='word_1_145' title='bbox 467 2980 689 3045; x_wconf 85' lang='lat' dir='ltr'><strong>Sacramenta</strong></span> <span class='ocrx_word' id='word_1_146' title='bbox 719 3003 821 3045; x_wconf 86' lang='lat' dir='ltr'><strong>novae</strong></span> <span class='ocrx_word' id='word_1_147' title='bbox 857 2983 946 3064; x_wconf 87' lang='lat' dir='ltr'><strong>legis</strong></span> <span class='ocrx_word' id='word_1_148' title='bbox 981 3003 1049 3045; x_wconf 92' lang='lat' dir='ltr'><strong>non</strong></span> 
     </span>
     <span class='ocr_line' id='line_1_23' title="bbox 76 3086 1052 3170; baseline -0.004 -15"><span class='ocrx_word' id='word_1_149' title='bbox 76 3094 234 3155; x_wconf 84' lang='lat' dir='ltr'><strong>habeant</strong></span> <span class='ocrx_word' id='word_1_150' title='bbox 257 3086 441 3151; x_wconf 84' lang='lat' dir='ltr'><strong>efficaciam</strong></span> <span class='ocrx_word' id='word_1_151' title='bbox 466 3110 486 3151; x_wconf 88' lang='lat' dir='ltr'><strong>a</strong></span> <span class='ocrx_word' id='word_1_152' title='bbox 509 3092 669 3169; x_wconf 86' lang='lat' dir='ltr'><strong>passione</strong></span> <span class='ocrx_word' id='word_1_153' title='bbox 693 3088 830 3159; x_wconf 87' lang='lat' dir='ltr'><strong>Christi,</strong></span> <span class='ocrx_word' id='word_1_154' title='bbox 855 3092 1052 3170; x_wconf 86' lang='lat' dir='ltr'><strong>qniacausa</strong></span> 
     </span>
     <span class='ocr_line' id='line_1_24' title="bbox 78 3194 1051 3283; baseline -0.003 -22"><span class='ocrx_word' id='word_1_155' title='bbox 78 3202 114 3261; x_wconf 89' lang='lat' dir='ltr'><strong>in</strong></span> <span class='ocrx_word' id='word_1_156' title='bbox 139 3206 223 3259; x_wconf 84' lang='lat' dir='ltr'><strong>actu</strong></span> <span class='ocrx_word' id='word_1_157' title='bbox 247 3206 282 3283; x_wconf 85' lang='lat' dir='ltr'><strong>et</strong></span> <span class='ocrx_word' id='word_1_158' title='bbox 306 3194 447 3259; x_wconf 86' lang='lat' dir='ltr'><strong>effectus</strong></span> <span class='ocrx_word' id='word_1_159' title='bbox 471 3198 505 3259; x_wconf 92' lang='lat' dir='ltr'><strong>in</strong></span> <span class='ocrx_word' id='word_1_160' title='bbox 530 3207 608 3258; x_wconf 88' lang='lat' dir='ltr'><strong>actu</strong></span> <span class='ocrx_word' id='word_1_161' title='bbox 632 3197 735 3258; x_wconf 90' lang='lat' dir='ltr'><strong>simul</strong></span> <span class='ocrx_word' id='word_1_162' title='bbox 751 3206 832 3258; x_wconf 92' lang='lat' dir='ltr'><strong>sunt</strong></span> <span class='ocrx_word' id='word_1_163' title='bbox 843 3207 877 3258; x_wconf 91' lang='lat' dir='ltr'><strong>et</strong></span> <span class='ocrx_word' id='word_1_164' title='bbox 889 3217 957 3258; x_wconf 94' lang='lat' dir='ltr'><strong>non</strong></span> <span class='ocrx_word' id='word_1_165' title='bbox 970 3206 1051 3259; x_wconf 90' lang='lat' dir='ltr'><strong>sunt</strong></span> 
     </span>
     <span class='ocr_line' id='line_1_25' title="bbox 76 3303 1049 3384; baseline -0.006 -14"><span class='ocrx_word' id='word_1_166' title='bbox 76 3327 125 3370; x_wconf 85' lang='lat' dir='ltr'><strong>ex</strong></span> <span class='ocrx_word' id='word_1_167' title='bbox 149 3324 182 3365; x_wconf 85' lang='lat'><strong>2.</strong></span> <span class='ocrx_word' id='word_1_168' title='bbox 209 3303 305 3380; x_wconf 79' lang='lat' dir='ltr'><strong>Phys.</strong></span> <span class='ocrx_word' id='word_1_169' title='bbox 331 3314 365 3364; x_wconf 92' lang='lat' dir='ltr'><strong>et</strong></span> <span class='ocrx_word' id='word_1_170' title='bbox 385 3322 417 3380; x_wconf 82' lang='lat'><strong>5.</strong></span> <span class='ocrx_word' id='word_1_171' title='bbox 443 3304 581 3381; x_wconf 77' lang='lat' dir='ltr'><strong>Metaph.</strong></span> <span class='ocrx_word' id='word_1_172' title='bbox 595 3326 608 3371; x_wconf 88' lang='lat'><strong>,·</strong></span> <span class='ocrx_word' id='word_1_173' title='bbox 631 3303 693 3364; x_wconf 91' lang='lat' dir='ltr'><strong>sed</strong></span> <span class='ocrx_word' id='word_1_174' title='bbox 704 3305 820 3384; x_wconf 86' lang='lat' dir='ltr'><strong>passio</strong></span> <span class='ocrx_word' id='word_1_175' title='bbox 837 3303 964 3366; x_wconf 91' lang='lat' dir='ltr'><strong>Christi</strong></span> <span class='ocrx_word' id='word_1_176' title='bbox 981 3324 1049 3365; x_wconf 92' lang='lat' dir='ltr'><strong>non</strong></span> 
     </span>
     <span class='ocr_line' id='line_1_26' title="bbox 76 3408 1050 3492; baseline -0.005 -16"><span class='ocrx_word' id='word_1_177' title='bbox 76 3422 131 3477; x_wconf 87' lang='lat' dir='ltr'><strong>est</strong></span> <span class='ocrx_word' id='word_1_178' title='bbox 158 3413 197 3473; x_wconf 91' lang='lat' dir='ltr'><strong>in</strong></span> <span class='ocrx_word' id='word_1_179' title='bbox 222 3420 321 3482; x_wconf 87' lang='lat' dir='ltr'><strong>actu;</strong></span> <span class='ocrx_word' id='word_1_180' title='bbox 346 3412 454 3492; x_wconf 87' lang='lat' dir='ltr'><strong>igitur</strong></span> <span class='ocrx_word' id='word_1_181' title='bbox 477 3429 539 3472; x_wconf 89' lang='lat' dir='ltr'><strong>nec</strong></span> <span class='ocrx_word' id='word_1_182' title='bbox 563 3411 689 3491; x_wconf 84' lang='lat' dir='ltr'><strong>aliquis</strong></span> <span class='ocrx_word' id='word_1_183' title='bbox 720 3411 794 3491; x_wconf 86' lang='lat' dir='ltr'><strong>ejus</strong></span> <span class='ocrx_word' id='word_1_184' title='bbox 825 3408 966 3472; x_wconf 86' lang='lat' dir='ltr'><strong>effectus</strong></span> <span class='ocrx_word' id='word_1_185' title='bbox 997 3420 1050 3471; x_wconf 88' lang='lat' dir='ltr'><strong>est</strong></span> 
     </span>
     <span class='ocr_line' id='line_1_27' title="bbox 76 3523 418 3598; baseline -0.015 -15"><span class='ocrx_word' id='word_1_186' title='bbox 76 3523 112 3583; x_wconf 92' lang='lat' dir='ltr'><strong>in</strong></span> <span class='ocrx_word' id='word_1_187' title='bbox 139 3526 224 3581; x_wconf 83' lang='lat' dir='ltr'><strong>actu</strong></span> <span class='ocrx_word' id='word_1_188' title='bbox 249 3536 418 3598; x_wconf 87' lang='lat' dir='ltr'><strong>peream.</strong></span> 
     </span>
    </p>

    <p class='ocr_par' dir='ltr' id='par_1_8' title="bbox 172 3622 899 3705">
     <span class='ocr_line' id='line_1_28' title="bbox 172 3622 899 3705; baseline -0.003 -20"><span class='ocrx_word' id='word_1_189' title='bbox 172 3624 213 3685; x_wconf 87' lang='lat' dir='ltr'><strong>ln</strong></span> <span class='ocrx_word' id='word_1_190' title='bbox 240 3626 442 3693; x_wconf 79' lang='lat' dir='ltr'><strong>contrarium,</strong></span> <span class='ocrx_word' id='word_1_191' title='bbox 471 3631 524 3685; x_wconf 89' lang='lat' dir='ltr'><strong>est</strong></span> <span class='ocrx_word' id='word_1_192' title='bbox 547 3622 717 3705; x_wconf 81' lang='lat' dir='ltr'><strong>Magister</strong></span> <span class='ocrx_word' id='word_1_193' title='bbox 741 3626 774 3683; x_wconf 82' lang='lat' dir='ltr'><strong>in</strong></span> <span class='ocrx_word' id='word_1_194' title='bbox 799 3626 899 3684; x_wconf 74' lang='lat' dir='ltr'><strong>litera.</strong></span> 
     </span>
    </p>
   </div>
   <div class='ocr_carea' id='block_1_8' title="bbox 0 0 1304 4200">
    <p class='ocr_par' dir='ltr' id='par_1_9' title="bbox 0 0 1304 4200">
     <span class='ocr_line' id='line_1_29' title="bbox 0 0 1304 4200; baseline 0 1"><span class='ocrx_word' id='word_1_195' title='bbox 0 0 1304 4200; x_wconf 95' lang='lat' dir='ltr'><strong> </strong></span> 
     </span>
    </p>
   </div>
  </div>
 </body>
</html>
