2600 4200
320 301 513 364 Drsrrucr.
538 301 571 362 V
595 299 741 380 Quasi.
767 299 796 362 11
1005 311 1041 378 5¹

115 504 180 567 dere
199 505 239 567 ad
262 525 441 587 personam
464 507 681 568 extrinsecam
711 515 745 568 et
776 525 841 567 non
865 504 1067 585 dependere;

117 611 163 671 sed
182 613 204 673 si
227 623 458 686 assumeretur,
480 613 678 694 dependeret
696 633 716 673 a
732 631 871 693 persona
887 609 1070 672 extrinseca

116 729 290 786 assumente.
315 719 341 780 si
366 729 479 782 autem
503 717 972 801 personaretur'personalitate
996 737 1068 798 pro

118 824 173 902 pria
194 845 256 888 non
280 827 502 908 dependeret;
533 846 613 907 ergo
643 824 843 906 dependeret
865 835 898 886 et
922 845 988 886 non
1011 825 1068 886 de-

120 931 265 1008 penderet.

172 1036 208 1099 Si
228 1047 338 1102 autem
364 1049 514 1102 teneatur
527 1038 669 1100 secunda
684 1037 803 1119 opinio,
823 1047 872 1099 est
895 1036 937 1098 ad
960 1057 1069 1118 quaes-

114 1143 220 1206 tionem
244 1146 317 1208 talis
342 1145 437 1208 ratio.
462 1145 579 1208 Omnis
603 1145 784 1226 assumptio
811 1144 1002 1206 terminatur
1025 1143 1068 1204 ad

114 1248 240 1331 aliquam
266 1253 450 1332 unitatem3
474 1251 530 1314 sed
554 1249 579 1313 si
614 1271 753 1332 persona
786 1258 964 1311 assumeret
1000 1268 1070 1329 per·

114 1375 223 1430 sonam,
247 1359 301 1421 illa
325 1358 511 1440 assumptio
535 1377 601 1420 non
624 1357 851 1418 terminaretur
867 1357 908 1416 ad
924 1356 1068 1436 aliquam

116 1463 267 1540 unitatem,
303 1466 386 1548 quia
421 1485 480 1527 nec
514 1463 557 1526 ad
592 1463 751 1526 unitatem
786 1473 911 1525 natura:
943 1482 1003 1523 nec
1026 1462 1069 1524 ad

114 1569 256 1634 unitatem
281 1572 463 1654 suppositi;
487 1591 567 1653 ergo
601 1591 741 1653 persona
765 1590 830 1632 non
854 1578 961 1651 potest
983 1589 1071 1630 assu·

115 1694 190 1739 mere
212 1699 400 1760 personam.

171 1891 227 1953 An
252 1905 401 1955 PRIMUM
425 1905 653 1966 PRINCIPALE,
678 1891 702 1952 si
738 1913 876 1972 persona
899 1893 990 1954 addit
1013 1913 1069 1956 en-

113 1995 227 2060 titatem
261 2019 364 2081 supra
388 2009 548 2072 naturam,
579 2007 627 2061 est
659 1999 786 2060 difficile
809 2001 1012 2080 respondere,
1037 2011 1071 2064 et

116 2104 225 2184 optime
247 2106 342 2169 vadit
364 2116 476 2168 contra
499 2127 572 2169 eam
598 2106 650 2167 illa
667 2107 816 2187 probatio
840 2106 880 2168 de
903 2108 1071 2170 accidente

112 2220 142 2271 et
161 2213 349 2276 substantia.
375 2212 408 2277 Si
432 2224 542 2275 autem
560 2222 708 2275 teneatur
724 2214 814 2294 quod
830 2234 968 2294 persona
991 2214 1069 2277 dicit

115 2321 314 2400 negationem
339 2320 575 2403 dependentiae,
610 2330 690 2382 tunc
725 2341 791 2382 non
826 2331 956 2401 oportet
979 2322 1070 2403 quod

114 2424 137 2484 si
157 2437 339 2489 assumatur
363 2437 478 2489 natura
501 2427 590 2507 quod
614 2436 799 2488 assumatur
822 2448 968 2508 persona,
993 2428 1071 2509 quia

117 2550 167 2595 nec
187 2535 320 2616 ponitur
348 2534 391 2595 ibi
426 2534 576 2595 identitas
600 2533 701 2604 realis
720 2554 777 2595 nec
812 2535 957 2614 seqnitur
979 2535 1070 2615 quod

116 2638 204 2703 addat
227 2640 443 2704 substantiam
467 2639 518 2701 vel
542 2638 691 2702 accidens
713 2660 756 2702 ex
780 2661 847 2721 quo
874 2640 950 2702 dicit
975 2662 1072 2722 nega-

117 2745 226 2809 tionem
251 2747 489 2829 dependentiae,

173 2854 230 2915 Ad
249 2854 425 2917 secundum
448 2852 522 2915 dico
552 2853 641 2935 quod
677 2874 815 2935 persona
850 2854 880 2915 in
916 2832 1070 2915 ereaturis

113 2958 184 3023 dicit
220 2962 414 3044 dignitatem
451 2959 666 3033 materialiter,
681 2962 814 3025 ,ratione
848 2962 1072 3023 intellectualis

117 3076 230 3130 naturae
253 3088 355 3151 quam
380 3075 555 3145 connotat;
580 3067 635 3129 sed
660 3088 725 3129 non
747 3066 932 3139 formaliter,
946 3068 1071 3130 ratione

113 3170 480 3238 incommunicabilitatis
503 3193 602 3253 quam
627 3174 823 3255 superaddit.

457 3742 468 3757 ,
541 3347 642 3705 l
