2600 4200
355 228 544 291 D1sr1ucr.
571 228 640 290 VII
666 227 818 309 QuAEsr.
844 229 897 291 111
1058 251 1099 310 93

162 405 378 488 Hieronymi,
414 407 497 468 Diri.
530 425 583 484 35.
620 409 836 476 Decretorum,
872 407 953 470 Una
983 411 1124 489 ponitur

160 520 225 590 cap.
256 513 349 573 Olim.
376 522 409 574 et
433 513 500 574 alia
523 520 588 591 cap.
605 516 754 592 sequenti.
772 512 876 585 Olim,
894 517 1014 595 inquit,
1033 515 1122 576 idem

160 620 347 702 Presbyter
370 621 428 701 qni
453 629 487 682 et
510 619 714 701 Episcopus.
740 619 786 681 Et
803 621 906 701 paulo
921 632 1014 702 post;
1033 624 1122 683 sicut

160 726 357 809 Presbyteri
393 728 506 788 sciunt
540 745 577 788 se
611 747 656 788 ex
679 728 927 789 consuetudine
958 727 1124 790 Ecclesiae

159 835 357 914 praepositis
381 852 456 895 esse
481 834 662 914 subjectos
687 835 736 894 ita
766 832 930 915 Episcopi
963 836 1123 896 noverint

160 959 197 1001 se
220 942 334 1022 magis
357 959 402 1001 ex
426 940 674 1001 consuetudine
697 959 800 1020 quam
813 941 1051 1022 dispositionis
1066 941 1123 1002 do-

160 1047 294 1108 minicae
318 1048 462 1108 veritate
486 1046 704 1129 Presbyteris
726 1066 802 1108 esse
826 1031 982 1128 majores.
1039 1063 1041 1067 ·

249 1153 314 1214 Sed
334 1159 466 1231 quamn
489 1153 597 1214 modus
619 1154 743 1214 dicendi
763 1164 816 1215 est
838 1154 968 1223 melior,
994 1156 1076 1235 quia
1091 1157 1120 1216 si

159 1279 180 1319 a
202 1261 372 1340 principio
396 1279 464 1321 non
488 1261 585 1321 licuit
608 1260 776 1321 sacerdoti
793 1260 1120 1323 hocsacramentum

159 1363 322 1437 conferre,
347 1367 442 1446 Papa
465 1376 579 1428 tamen
604 1367 791 1446 quemlibet
803 1369 1013 1429 sacerdotem
1027 1367 1122 1430 illius

158 1474 311 1556 regionis
343 1475 455 1553 potuit
488 1471 598 1534 facere
633 1472 844 1554 Episcopum
879 1484 1045 1555 quantum
1077 1475 1120 1536 ad

159 1588 272 1641 actum
296 1582 409 1642 istum.
436 1579 494 1643 Sic
518 1582 625 1662 igitur
656 1590 905 1643 sacramentum
936 1580 1121 1644 Confirme-

158 1688 305 1748 tionisa
337 1687 420 1748 solis
455 1687 639 1768 Episcopis
673 1697 787 1768 potest
821 1685 977 1749 conferri.
1013 1688 1120 1769 Cujus

158 1796 290 1854 materia
315 1801 431 1854 remota
455 1804 507 1855 est
531 1792 690 1857 Chrisma
711 1796 939 1874 compositum
970 1814 1016 1856 ex
1042 1795 1120 1856 oleo

157 1900 259 1962 olivae
282 1909 316 1962 et
338 1900 492 1962 balsamo
516 1899 710 1981 specialiter
734 1900 776 1961 ab
800 1879 973 1982 Episcopo
998 1904 1121 1963 sancti-

157 2004 305 2077 ficatum,
331 2007 386 2068 vel
411 2007 453 2068 ab
478 2007 545 2068 alio
569 2009 623 2069 cui
648 2006 728 2068 talis
752 2006 976 2069 sanctificatio
1004 2017 1119 2089 potest

157 2115 334 2176 committi.
355 2114 492 2174 Materia
509 2123 622 2175 autem
630 2116 812 2192 propinqua
828 2123 880 2176 est
896 2118 1013 2177 unctio
1028 2114 1120 2177 facta

157 2221 192 2280 in
216 2217 327 2281 fronte
352 2222 386 2281 in
410 2219 521 2302 figura
548 2222 668 2282 crucis.
706 2220 821 2300 Hujus
856 2231 969 2283 autem
1001 2219 1120 2283 Sacra·

157 2328 262 2387 menti
276 2326 390 2403 forma
415 2338 480 2388 est:
506 2330 608 2409 signo
632 2336 666 2387 te
690 2329 792 2407 signo
815 2330 936 2397 crucis,
953 2326 1118 2389 confirmo

156 2441 190 2493 te
214 2433 395 2495 chrismate
420 2434 540 2494 salutis
565 2435 599 2494 in
623 2434 762 2494 nomine
786 2433 899 2495 Patris
923 2444 957 2494 et
981 2433 1060 2495 Filii
1082 2445 1117 2496 et

157 2536 307 2620 Spiritus
332 2538 459 2601 Sancti.
485 2539 610 2601 Amen.

244 2750 308 2814 De
322 2751 501 2815 necundo
516 2750 722 2827 Armenio,
737 2753 882 2814 seilicet:
900 2763 1012 2813 utrum
1030 2752 1116 2814 illud

156 2855 414 2919 Sacramentum
431 2867 545 2938 potest
561 2860 685 2919 iterari.
705 2858 793 2920 Dico
810 2859 902 2939 quod
919 2879 997 2929 non,
1011 2862 1116 2920 immo

155 2965 301 3025 scienter
324 2966 452 3025 iterans
475 2975 594 3043 peccat
623 2965 822 3026 mortaliter.
855 2963 970 3045 Quare
1001 2977 1114 3028 autem

155 3090 222 3131 non
247 3070 348 3132 debet
372 3072 496 3140 iterari,
521 3071 721 3151 principalis
744 3092 848 3134 causa
875 3083 929 3134 est
945 3075 1115 3134 institutio

155 3178 280 3239 divina.
299 3176 516 3258 Conguentia
539 3198 620 3239 vero
638 3180 834 3259 assignatur
850 3179 940 3249 talis,
958 3182 1039 3259 quia
1053 3200 1115 3259 per

155 3282 247 3345 istud
272 3281 529 3345 Sacramentum
558 3285 748 3345 instituitur
782 3285 907 3364 aliquis
943 3287 977 3345 in
1008 3286 1116 3345 deter-

154 3390 283 3451 minato
307 3392 416 3472 gradu
440 3390 616 3459 Ecclesiae,
642 3391 771 3451 scilicet
803 3393 836 3451 in
872 3391 981 3472 gradu
1013 3391 1116 3452 bella-

154 3498 252 3568 toris;
278 3496 338 3557 sed
362 3495 619 3558 Sacramentum
645 3498 829 3558 instituens
854 3499 889 3558 in
913 3497 1023 3578 gradu
1046 3498 1114 3557 bel-

154 3601 273 3663 latoris
296 3603 531 3671 determinato,
557 3622 623 3664 non
650 3605 799 3664 iteratur.
826 3602 910 3664 Alia
925 3623 1114 3684 congruen-
