2600 4200
244 192 453 285 'omnen
480 220 556 285 xx
572 236 620 284 m
636 220 731 285 xxr
759 220 910 303 Quasi.
935 220 970 285 n
1019 240 1078 302 235

142 402 365 483 impossibile,
389 404 470 483 quia
486 401 601 463 nullus
617 410 731 481 potest
748 420 824 463 esse
840 401 973 463 debitor
988 420 1102 481 poenae

143 530 206 590 pro
231 509 290 571 illo
313 510 453 571 instanti
478 528 633 589 proquo
657 516 709 569 est
744 509 921 571 ordinatus
956 509 998 570 ad
1033 509 1104 590 glo·

142 618 239 687 riam,
264 618 345 697 quia
367 626 448 677 tunc
471 625 588 697 posset
611 616 715 677 simul
739 625 830 677 stare
854 616 966 697 gloria
989 626 1023 677 et
1047 615 1104 676 ali·

143 743 212 805 qua
232 742 347 803 poena.

232 829 414 899 Praeterea,
445 830 595 891 secundo
621 831 779 910 arguitur
802 830 866 891 sic:
899 828 1103 891 Essentialis

142 957 248 1017 poena
259 938 515 1005 dammatorum,
525 956 593 998 non
605 946 658 998 est
669 956 774 1016 poena
785 956 916 1007 sensus,
929 936 990 999 sed
1000 954 1104 1017 poena

143 1044 269 1113 damni,
294 1044 352 1106 illa
375 1053 488 1106 autem
512 1045 705 1106 necessario
728 1045 975 1107 concomitatur
990 1062 1104 1124 quam-

143 1152 227 1214 libet
249 1170 398 1233 poenam,
423 1152 505 1232 quia
527 1151 620 1213 nulla
644 1170 748 1231 poena
770 1158 885 1231 potest
908 1161 999 1213 stare
1026 1170 1102 1212 cum

143 1260 367 1331 beatitudine;
392 1260 501 1341 igitur
523 1258 676 1320 debitum
700 1260 743 1320 ad
766 1278 1004 1339 quamcunque
1034 1277 1105 1339 poe·

144 1387 222 1428 nam
239 1376 402 1429 aeternam
426 1366 570 1427 includit
592 1367 745 1427 debiturn
768 1365 812 1427 ad
834 1384 971 1445 poenam
989 1364 1102 1427 damni

143 1476 274 1543 aetemi,
297 1484 333 1535 et
356 1493 417 1554 per
439 1492 653 1553 consequens
677 1474 720 1533 ad
736 1491 873 1553 poenam
887 1472 1103 1535 essentialem

144 1582 381 1644 damnationis.
407 1578 477 1644 Sed
501 1580 560 1642 illa
583 1600 649 1642 non
686 1580 927 1659 correspondet
962 1578 1102 1653 veniali;

144 1708 238 1771 ergo.
256 1726 299 1733 —-
316 1688 497 1758 Praeterea,
523 1695 699 1768 peccatum
724 1686 867 1749 mortale
901 1696 937 1748 et
971 1686 1104 1749 veniale

144 1806 224 1859 sunt
255 1795 607 1877 improportionabilia
641 1796 676 1855 in
711 1796 842 1856 ratione
876 1792 1017 1857 offensae
1048 1794 1104 1855 vel

144 1903 295 1973 malitiae,
309 1904 390 1983 quia
405 1900 539 1964 infinita
555 1901 704 1963 venialia
720 1902 748 1963 si
766 1908 890 1971 essent,
909 1921 977 1963 non
994 1920 1105 1981 aequa·

145 2020 261 2071 rentur
283 2011 341 2070 uni
366 2009 500 2070 mortali
527 2010 561 2069 in
579 2009 710 2069 ratione
728 2004 882 2079 offensae3
901 2028 985 2090 ergo
1000 2027 1104 2088 poena

145 2119 330 2180 secundum
351 2117 519 2197 justitiam
543 2116 812 2197 correspondens
847 2124 986 2196 peccato
1020 2134 1105 2177 mor·

145 2224 204 2285 tali
228 2223 613 2304 improportionabiliter
636 2234 671 2284 et
695 2223 729 2283 in
765 2221 935 2284 infinitum
968 2221 1104 2284 excedit

145 2350 281 2410 poenam
306 2332 625 2410 correspondentem
650 2329 787 2390 veniali.
813 2327 967 2390 Sed'non
984 2329 1105 2409 impro-

145 2437 416 2518 portionabiliter
439 2447 473 2498 et
498 2438 532 2497 in
557 2435 727 2498 infinitum
753 2436 889 2498 excedit
923 2437 1102 2505 intensive,

145 2546 226 2623 quia
249 2542 418 2624 quaelibct
434 2562 539 2622 poena
561 2544 748 2605 secundum
767 2544 992 2605 intensionem
1009 2541 1104 2604 finito

145 2651 280 2712 excedit
303 2650 404 2710 aliam
429 2650 484 2711 vel
509 2651 686 2712 exceditur
709 2651 752 2711 ab
786 2649 865 2720 alia;
903 2651 1010 2729 igitur
1040 2649 1103 2710 hoc

145 2759 209 2818 erit
232 2758 418 2818 secundum
442 2758 689 2826 extensionem,
730 2765 763 2817 et
798 2776 858 2836 per
892 2776 1104 2836 consequens

145 2884 213 2926 non
237 2865 379 2925 debetur
402 2873 543 2944 peccato
566 2863 692 2924 veniali
717 2883 821 2943 poena
844 2872 981 2925 aeterna.

233 2971 314 3030 Dico
336 2991 412 3048 ergo
433 2971 526 3050 quod
549 2980 689 3050 peccato
713 2969 849 3040 veniali,
874 2972 949 3031 sive
975 2970 1030 3032 hic
1047 2988 1105 3049 pu-

145 3077 279 3145 niendo,
305 3078 379 3137 sive
403 3079 438 3138 in
463 3075 605 3144 inferno,
630 3078 705 3138 sive
736 3077 828 3146 alibi,
864 3096 932 3138 non
963 3076 1104 3138 debetur

144 3204 249 3264 poena
272 3185 336 3245 nisi
361 3184 569 3263 temporalis,
595 3203 657 3243 nec
680 3203 741 3264 per
765 3203 811 3254 se,
838 3203 898 3245 nec
930 3203 991 3264 per
1021 3185 1105 3244 acci·

145 3292 239 3360 dens,
265 3292 345 3370 quia
369 3292 554 3351 secundum
579 3310 616 3350 se
640 3300 693 3351 est
717 3290 795 3351 talis
819 3288 949 3351 offensa
964 3311 1105 3371 quaese-

145 3400 293 3460 cundum
318 3416 355 3458 se
378 3395 584 3458 sufficienter
607 3399 749 3476 punitur
771 3417 832 3477 per
855 3416 991 3476 poenam
1023 3407 1104 3458 tern-

145 3505 304 3585 poralem.
345 3503 417 3565 Nec
456 3514 510 3564 est
549 3505 794 3564 inconveniens
834 3502 925 3564 illam
965 3523 1102 3583 poenam

145 3611 293 3672 debitam
317 3610 443 3672 veniali
467 3610 592 3671 habere
615 3611 797 3671 terminum
815 3611 850 3670 in
868 3609 1009 3681 iniern0,
1023 3612 1103 3690 quia

1025 3747 1051 3791 ld
