2600 4200
306 260 495 324 D1sr1ucr.
520 260 631 325 XXIII
657 259 805 342 QuAEsr.
829 262 859 324 II
1010 262 1070 341 ¹73

144 468 206 524 tum
227 474 257 527 et
279 464 471 527 humectare
494 466 641 549 glaciem,
665 475 699 529 et
713 474 825 529 tamen
840 466 892 528 isti
907 476 1000 529 actus
1016 474 1094 531 sunt

144 570 237 651 specie
258 572 453 635 differentes.

199 784 257 847 An
279 800 426 851 nemun
461 799 680 849 PRINCIPALII
714 806 867 849 concessa
890 787 1013 869 rnajore
1036 806 1094 851 ne·

146 898 226 969 getur
241 894 359 967 minor,
372 903 405 955 et
420 893 554 976 quando
565 892 723 976 probatur
746 914 803 975 per
816 892 879 955 hoc
898 894 988 976 quod
1001 903 1094 958 actus

144 998 279 1062 credendi
305 1009 413 1082 potest
436 999 546 1063 haberi
570 1020 627 1083 per
650 998 750 1063 fidem
782 1000 976 1083 acquisitam
1010 1000 1094 1063 sicut

145 1125 193 1186 per
214 1104 362 1183 infusam,
379 1106 452 1169 dico
475 1107 565 1189 quod
589 1116 637 1169 est
653 1105 782 1181 falsum,
796 1106 872 1189 quia
888 1105 963 1169 fidei
986 1107 1095 1189 acqui·

144 1211 204 1274 sitae
236 1222 345 1295 potest
368 1214 498 1276 subesse
531 1212 666 1295 aliquod
688 1211 816 1286 falsum,
840 1212 925 1276 sicut
948 1222 1038 1296 patet
1060 1213 1094 1277 iu

146 1316 284 1383 haeretico
319 1319 376 1402 qui
400 1320 499 1383 habet
533 1318 631 1383 fidem
655 1319 847 1402 acquisitam
882 1319 966 1382 circa
990 1339 1094 1383 unum

145 1424 303 1489 articulum
339 1436 478 1500 tantum,
504 1424 578 1489 lidei
612 1436 724 1489 autem
748 1423 863 1488 infusae
895 1446 961 1489 non
985 1434 1094 1508 potest

144 1531 261 1595 subesse
283 1533 418 1616 aliquod
441 1531 568 1595 falsum.
594 1532 746 1597 Similiter
762 1531 844 1595 fides
866 1532 1024 1615 acquisita
1041 1530 1096 1595 ha-

145 1636 228 1701 betur
249 1639 437 1702 testimonio
460 1638 624 1718 humano;
648 1636 728 1701 fides
740 1648 852 1701 autem
878 1637 982 1703 infusa
998 1639 1094 1702 datur

143 1744 257 1808 aDeo.

200 1854 255 1915 Ad
273 1854 374 1917 aliud
393 1853 467 1916 dico
491 1852 581 1935 quod
605 1873 718 1916 verum
744 1860 793 1915 est
807 1853 898 1934 quod
922 1850 1002 1915 fides
1025 1872 1092 1915 non

143 1960 350 2042 corrumpitur
366 1959 520 2035 effective,
534 1960 753 2041 corrumpitur
768 1969 879 2022 tamen
894 1981 914 2023 a
930 1958 1024 2022 nobis
1040 1960 1095 2022 de·

145 2065 293 2130 meritorie
315 2066 399 2131 sicut
422 2065 527 2152 gratia
549 2065 745 2130 annihilatur
769 2087 826 2149 per
850 2074 1039 2148 peccatum;
1060 2076 1092 2129 et

144 2191 212 2234 cum
233 2173 367 2240 dicitur:
391 2196 471 2258 ergo
494 2174 713 2256 corrumpitur
740 2195 797 2256 per
832 2173 1016 2236 maximum
1040 2173 1094 2235 de-

146 2279 295 2356 meritum,
312 2290 394 2364 puta
417 2302 474 2364 per
498 2281 610 2344 odium
633 2281 704 2355 Del,
729 2279 793 2342 hoc
816 2301 903 2362 nego
926 2280 1003 2361 quia
1026 2299 1095 2342 cor·

144 2387 293 2468 rumpitur
317 2387 432 2470 perid
462 2388 552 2470 quod
576 2387 675 2450 habet
704 2385 893 2469 oppositum
917 2387 959 2448 ad
983 2385 1093 2461 fidem,

143 2491 254 2555 scilicet
267 2515 323 2576 per
347 2492 570 2558 infidelitatem
582 2493 667 2580 circa
690 2493 853 2556 credibilia
865 2513 920 2556 seu
945 2489 1028 2554 circa
1042 2492 1094 2556 illa

144 2616 212 2678 quae
234 2611 308 2664 sunt
331 2601 502 2666 credenda.

203 2715 260 2777 Ad
278 2717 432 2780 ultimum
456 2716 572 2779 dicitur
588 2717 679 2798 quod
701 2725 935 2798 argumentum
959 2734 1025 2776 non
1041 2734 1095 2776 va-

144 2815 191 2893 let,
204 2821 277 2904 quia
298 2824 340 2886 ad
366 2822 428 2886 hoc
452 2824 542 2907 quod
564 2822 679 2905 aliquis
703 2843 759 2905 per
777 2821 926 2884 habitum
950 2819 1093 2884 infusum

143 2937 233 2990 exeat
255 2929 285 2991 in
307 2938 429 3006 actum,
454 2939 583 3012 oportet
607 2949 862 3012 praesupponere
881 2929 958 3002 du0‚
975 2927 1095 2990 scilicet

143 3041 247 3095 actum
269 3034 342 3099 fidei
365 3036 532 3120 acquisitae
555 3056 631 3098 cum
657 3035 779 3107 habitu,
793 3044 826 3097 et
848 3044 958 3097 actum
983 3035 1095 3096 volun·

143 3138 213 3200 tatis
235 3160 307 3204 cum
331 3142 401 3226 ipsa
424 3143 602 3208 voluntate.
626 3179 669 3188 -
694 3141 759 3206 Sed
782 3151 912 3205 contra:
944 3139 1020 3223 quia
1043 3139 1094 3203 A·

143 3241 215 3306 darn
240 3244 349 3311 habuit
373 3249 522 3312 habitum
546 3248 620 3311 fidei
643 3248 759 3311 infusae
782 3257 815 3309 et
839 3258 949 3310 tamen
972 3267 1038 3308 non
1062 3267 1095 3309 o·

142 3353 260 3430 portuit
281 3356 368 3438 quod
393 3356 544 3419 habuerit
566 3355 665 3418 fidem
697 3355 899 3437 acquisitam.
924 3355 1093 3429 Praeterea,

143 3457 304 3537 perfectior
326 3472 374 3526 est
396 3462 478 3526 fides
489 3461 593 3525 infusa
616 3483 716 3544 quam
734 3462 863 3524 habitus
887 3461 1093 3542 geometriae;

142 3564 196 3625 sed
219 3565 244 3626 si
265 3569 376 3652 aliquis
410 3569 544 3632 haberet
568 3568 779 3652 geometriam
815 3567 953 3630 infusam
985 3576 1095 3648 posset

143 3669 230 3734 exire
250 3673 281 3736 in
302 3687 430 3754 actum;
455 3698 534 3760 ergo
558 3677 701 3738 similiter
732 3676 764 3737 in
789 3673 956 3756 proposito
980 3693 1037 3753 per
1060 3671 1095 3733 fi-
