2600 4200
212 235 255 293 90
436 215 511 276 Lm.
527 191 588 276 'IV
614 211 919 276 Saurenrmnun

988 322 993 329 .
999 322 1015 329 ι..
1022 321 1155 331 ..munuum-a·—

190 401 264 454 tum
288 393 330 454 de
354 411 423 454 non
447 402 558 474 grato,
583 401 617 452 et
651 392 731 454 talis
766 395 878 474 gratia
911 390 1083 454 confertur
1115 395 1151 454 in

191 499 371 579 Baptismo
395 509 429 560 et
445 499 664 561 Poenitentia.
681 499 765 560 Alio
781 499 882 560 modo
899 499 1023 560 dicitur
1039 500 1154 581 gratia
1193 579 1198 589 .

190 615 327 687 gratum
352 603 491 677 faciens,
516 625 594 688 quae
606 606 648 667 de
665 615 765 687 grato
781 604 861 667 facit
877 608 990 687 magis
1002 615 1150 688 gratum,

190 722 226 774 et
247 713 308 774 tali
334 713 435 774 modo
460 711 633 774 confertur
657 714 769 794 gratia
792 714 827 774 in
851 711 1126 775 Confirmatione.

282 885 471 988 Seoftlma
498 923 715 992 Corwlualo
731 934 797 986 est:
815 943 891 985 cum
908 925 998 986 enim
1015 926 1051 986 in
1063 925 1153 1006 Bap

191 1033 294 1092 tismo
318 1028 512 1093 conferatur
535 1032 658 1112 gratia,
682 1032 763 1092 etin
780 1029 1045 1092 Confirmatione
1061 1033 1153 1093 simi-

189 1138 268 1199 liter
290 1134 484 1201 conferatur
507 1139 629 1218 gratia,
654 1137 820 1217 numquid
843 1138 915 1198 haec
938 1148 973 1198 et
988 1138 1048 1200 illa
1070 1148 1152 1200 sunt
1238 1170 1240 1173 ·
1280 1205 1285 1214 ,

189 1244 308 1306 eadem
333 1245 463 1326 gratia?
488 1243 534 1305 Et
557 1245 682 1305 dicitur
712 1243 900 1325 tripliciter.
926 1243 1007 1306 Uno
1022 1246 1149 1315 modo,

189 1351 281 1431 quod
304 1350 377 1412 haec
401 1360 435 1412 et
459 1350 519 1412 illa
542 1348 704 1412 differunt
727 1351 955 1413 essentialiter
981 1353 1069 1413 sicut
1085 1353 1152 1413 vir·

190 1467 281 1519 tutes
304 1467 338 1518 et
361 1458 461 1526 dona,
486 1459 567 1538 quia
583 1459 618 1519 in
636 1457 815 1538 Baptismo
831 1458 931 1519 datur
943 1459 1056 1539 gratia
1071 1477 1150 1538 quae

189 1562 336 1626 influens
360 1566 395 1625 in
419 1566 591 1644 potentias
615 1561 696 1625 facit
718 1568 867 1632 virtutes·
898 1566 932 1625 in
967 1563 1152 1626 Confirma-

188 1674 282 1733 tione
307 1680 419 1732 autem
444 1669 617 1732 confertur
640 1673 754 1752 gratia
776 1690 853 1751 quae
876 1669 1022 1733 influens
1034 1673 1068 1732 in
1092 1691 1151 1751 po·

190 1780 316 1840 tentias
339 1776 421 1840 facit
444 1780 543 1846 donn·
567 1779 627 1839 sed
651 1781 686 1839 in
703 1776 833 1840 Ordine
849 1776 1022 1839 confertur
1037 1781 1152 1860 gratia

190 1885 267 1965 quae
291 1883 371 1946 facit
395 1885 607 1946 beatitudines,
633 1921 675 1929 —
700 1884 784 1946 Alio
800 1885 901 1946 modo
918 1885 1042 1947 dicitur
1057 1885 1150 1966 quod

188 1991 264 2052 haec
298 2000 333 2052 et
366 1991 426 2054 illa
461 1993 573 2073 gratia
606 1989 769 2052 differunt
803 1991 1031 2053 essentialiter
1061 1993 1151 2053 sicut

189 2099 298 2159 morbi
323 2110 442 2161 contra
464 2118 552 2179 quos
575 2099 789 2170 ordinantur;
815 2100 927 2180 gratia
949 2100 1039 2161 enim
1069 2099 1151 2179 bap

188 2206 336 2267 tismalis
367 2216 419 2267 est
453 2217 572 2268 contra
605 2207 761 2267 morbum
796 2208 998 2286 infidelitatis,
1037 2207 1152 2287 gratia

189 2322 302 2372 autem
327 2310 595 2374 confirmationis
619 2322 738 2374 contra
760 2314 915 2374 morbum
937 2314 1151 2390 pusilhnimi-

189 2422 270 2479 tatis.
296 2455 337 2463 -
362 2418 479 2480 Tertio
503 2420 605 2480 modo
636 2420 761 2480 dicitur
794 2419 885 2499 quod
919 2420 992 2481 haec
1026 2428 1060 2480 et
1090 2418 1152 2479 illa

189 2526 303 2605 gratia
325 2522 486 2587 differunt
510 2528 599 2587 sicut
622 2526 690 2587 duo
702 2526 831 2607 gradus
854 2526 1004 2607 ejusdem
1018 2524 1149 2594 formae,

190 2634 279 2693 sicut
302 2632 429 2693 dictum
455 2630 520 2694 fuit
553 2652 659 2713 snpra
691 2634 761 2695 Lib.
797 2653 825 2693 1.
860 2635 929 2693 dist.
964 2638 1012 2693 18.
1052 2655 1081 2711 q.
1113 2633 1151 2692 de

189 2759 296 2816 augm.
321 2740 431 2799 clzaril.

283 2952 423 3014 Tertia
453 2952 670 3015 Omwtuato
693 2963 746 3013 est
769 2954 803 3014 in
828 2972 896 3033 quo
928 2951 1150 3014 Sacramento

189 3056 363 3119 confertur
387 3060 499 3139 magis
523 3068 557 3119 et
580 3060 695 3120 minus
719 3061 841 3140 gratiae
859 3061 893 3120 in
911 3059 1089 3139 Baptismo
1106 3078 1150 3121 an

190 3166 225 3226 in
250 3162 524 3226 Confirmatione.
550 3164 596 3226 Et
619 3166 743 3227 dicitur
767 3166 858 3246 quod
881 3168 994 3247 gratia
1024 3164 1152 3227 Confir-

189 3272 352 3332 mationis
376 3274 611 3352 praesupponit
631 3274 778 3353 gratiam
794 3271 1044 3353 baptismalem,
1060 3274 1151 3333 sicut

190 3378 264 3436 bene
287 3398 351 3437 esse
374 3380 611 3458 praesupponit
638 3399 712 3439 esse.
739 3378 884 3458 Quando
908 3389 993 3459 ergo
1009 3379 1095 3439 bene
1112 3376 1151 3439 fit

190 3486 400 3564 comparatio
431 3485 551 3547 harum
588 3488 787 3567 gratiarum,
822 3486 897 3547 haec
931 3495 1045 3566 potest
1075 3483 1149 3546 fieri

191 3591 381 3671 dupliciter.
407 3590 488 3653 Uno
512 3594 614 3685 modo
638 3596 706 3652 sine
723 3596 917 3670 proculum,
946 3601 979 3653 et
1007 3593 1056 3653 sic
1082 3611 1152 3652 om·
