2600 4200
297 265 488 327 Drsrmcr.
505 264 651 327 XXXIII
678 262 825 345 Quasr.
849 265 864 327 1
1027 280 1090 345 ²¹7

141 466 211 531 Sed
236 468 384 551 potentia
407 468 459 531 cui
484 468 629 531 maxime
653 469 814 551 competit
839 469 909 533 laus
931 479 980 533 est
1003 470 1116 533 volun·

141 582 214 651 tas;
247 594 329 657 ergo
351 574 453 637 virtus
477 576 609 657 ponitur
633 576 813 656 subjective
837 574 869 638 in
892 578 1069 639 voluntate.

150 716 154 723 ι
215 682 436 747 RESPONSIO.
461 682 497 744 In
522 683 582 745 ista
605 682 790 765 quaestione
814 692 891 745 sunt
913 692 1054 765 quatuor
1072 682 1116 745 vi·

144 788 266 851 denda.
285 788 399 850 Primo
422 789 564 871 quidest
586 789 690 851 virtus
706 788 846 853 moralis,
869 788 1014 852 Secundo
1030 790 1117 852 unde

145 894 252 956 virtus
275 895 406 957 moralis
429 905 614 977 generatur.
647 894 753 958 Tertio
776 906 861 977 quot
883 903 960 959 sunt
983 896 1117 959 virtutes

147 1002 300 1064 morales:
328 1000 452 1077 Quarto
476 1000 507 1064 in
531 1022 599 1083 quo
623 1011 700 1065 sunt
723 1002 911 1083 subjective.

216 1213 406 1280 Premuu
427 1213 659 1280 Articuluu
691 1224 782 1297 patet
812 1214 868 1277 lib.
892 1234 922 1277 2.
948 1214 1036 1281 Disr.
1060 1234 1114 1300 27.

145 1342 179 1402 q.
204 1338 236 1383 Ι.
260 1332 323 1383 art.
349 1340 379 1383 Ι.

225 1533 449 1619 Quantum
485 1536 550 1601 ad
579 1535 824 1601 seeundum
863 1534 1115 1600 Artr'eulum

145 1649 242 1723 patet
265 1660 322 1723 per
345 1640 557 1704 Aristotelem
583 1641 617 1703 in
635 1642 800 1724 principio
823 1660 855 1704 2.
880 1640 991 1704 Etlu'c.
1024 1642 1116 1723 quod

145 1746 252 1812 virtus
276 1748 406 1810 moralis
430 1768 495 1811 non
519 1749 602 1811 inest
635 1749 731 1812 nobis
753 1770 773 1811 a
788 1758 914 1822 natura,
938 1750 995 1811 sed
1020 1769 1117 1830 gene-

147 1862 241 1916 ratur
263 1874 306 1915 ex
329 1854 490 1936 operibus.
517 1854 561 1917 Et
585 1855 648 1917 hoc
672 1856 829 1937 probatur
852 1855 997 1937 quinque
1021 1855 1116 1919 ratio·

151 1959 268 2025 nibus:
885 2041 889 2049 Ι

219 2066 333 2131 Primo
346 2067 408 2131 sic:
432 2067 464 2130 in
489 2066 537 2130 his
550 2088 625 2150 quae
651 2068 744 2132 nobis
756 2068 867 2133 insunt
888 2090 908 2130 a
921 2076 1037 2132 natura
1051 2088 1116 2132 non

148 2173 192 2236 fit
213 2175 347 2238 variatio
363 2195 420 2258 per
436 2175 717 2238 consuetudinem.
736 2176 935 2256 Exemplum
959 2195 1056 2237 suum
1069 2185 1117 2238 est

148 2282 196 2344 de
219 2281 334 2364 lapide,
351 2282 408 2364 qui
431 2281 457 2343 si
482 2281 629 2344 millesies
642 2282 830 2364 projiciatur
852 2283 1008 2364 superius,
1026 2303 1118 2344 num·

148 2408 265 2470 quam.
289 2397 399 2450 tamen
422 2389 576 2451 assuescit
608 2390 758 2470 superius
781 2389 970 2464 ascendere;
1003 2389 1059 2450 sed
1083 2388 1115 2450 in

150 2494 326 2558 virtutibus
350 2495 527 2558 moralibus
543 2493 580 2556 fit
596 2495 732 2558 variatio
755 2515 812 2577 per
828 2495 1116 2573 consuetudinem;

153 2621 239 2684 ergo
262 2621 326 2663 non
352 2601 463 2664 insunt
486 2601 579 2664 nobis
602 2610 759 2676 anatura,
784 2602 841 2663 sed
865 2610 1060 2683 generantur
1075 2621 1119 2662 ex

150 2707 317 2790 operibus.

223 2813 368 2877 Secundo
391 2813 455 2876 sic:
480 2813 512 2876 in
537 2813 586 2876 his
610 2835 686 2896 quae
710 2813 820 2876 insunt
844 2813 937 2876 nobis
956 2834 976 2875 a
993 2823 1117 2887 natura,

152 2921 301 3004 potentia
326 2920 482 3003 praecedit
504 2931 631 2999 actum;
657 2922 714 2983 sed
739 2921 771 2982 in
794 2920 967 2983 virtutibus
991 2918 1118 2982 morali·

153 3029 219 3091 bus
241 3037 333 3090 actus
356 3027 514 3109 praecedit
538 3027 738 3109 potentiam;
762 3047 851 3109 ergo.

230 3135 333 3197 Tertio
364 3134 427 3196 sic:
452 3133 650 3217 legislatores
674 3132 795 3196 faciunt
819 3133 904 3195 cives
934 3133 1039 3195 bonos
1063 3152 1120 3213 per

149 3239 444 3320 assuefactionem
468 3240 525 3302 sed
538 3240 624 3303 cives
648 3259 715 3302 non
728 3237 810 3301 fiunt
835 3240 910 3301 boni
924 3239 981 3301 nisi
1006 3261 1048 3301 ex
1061 3239 1121 3300 vir-

149 3349 296 3424 tutibus;
332 3367 412 3429 ergo
434 3347 568 3409 virtutes
592 3356 668 3408 sunt
692 3367 749 3428 per
783 3345 1063 3419 assuefactionem,
1088 3355 1120 3409 et

150 3455 198 3518 ita
221 3475 265 3516 ex
289 3453 442 3536 operibus
466 3463 674 3536 generantur.

157 3595 161 3600 -
226 3561 353 3638 Quarto
374 3561 436 3624 sic:
460 3581 503 3623 ex
515 3561 574 3623 illis
590 3560 728 3624 virtutes
752 3568 959 3642 generantur,
973 3580 1030 3640 per
1041 3579 1121 3640 quo·

150 3689 228 3732 rum
252 3667 405 3750 opposita
427 3677 701 3750 corrumpuntur;
726 3666 782 3729 sed
816 3665 952 3728 virtutes
974 3685 1121 3727 corrum-
