2600 4200
393 213 582 287 Drsnucr.
608 215 625 286 1
649 215 802 305 Quasi.
828 217 863 288 ΙΙ

140 398 344 464 definitione
367 403 551 465 concordat
574 401 729 466 definitio
752 401 925 486 Magistri,
961 407 990 467 si
1021 406 1108 467 bene

141 508 329 590 glossetur,
353 509 493 572 scilicet:
518 509 757 571 Sacramentum
779 517 827 571 est
847 511 1014 572 invisibilis
1031 533 1109 590 gra·

142 618 196 676 rioe
216 615 352 676 visibilis
362 615 487 693 forma.
514 616 697 698 Accipitur
726 619 817 679 enim
830 617 945 695 forma
976 619 1109 680 m'sibilr's

141 741 208 803 pro
231 723 335 804 signo
357 723 513 786 sensibili
535 742 578 785 eo
604 724 707 786 modo
729 744 799 804 quo
814 726 930 806 imago
947 724 1108 788 Herculis

142 829 270 892 dicitur
292 827 403 892 forma
425 829 596 892 Herculis,
621 827 724 911 Quod
754 833 856 893 etiam
891 833 937 893 ibi
972 832 1109 895 additur

141 935 286 1004 ainwa,
314 936 416 998 debet
439 936 586 1018 intelligi
611 956 675 1018 pro
698 938 851 1000 sensibili
876 941 912 1000 in
935 940 1106 1000 communi

141 1042 328 1124 cujuslibet
350 1061 482 1114 sensus,
507 1045 588 1125 quia
599 1045 697 1106 visus
708 1053 761 1106 est
776 1045 1000 1107 excellentior
1014 1048 1106 1107 omni

142 1169 248 1212 sensu
288 1159 322 1212 et
359 1150 509 1232 plurium
543 1148 811 1214 differentiarum
849 1154 1108 1234 cognoscitivus

141 1276 171 1320 l.
196 1257 337 1336 Metapa
362 1256 508 1320 Ponitur
531 1259 634 1320 etiam
658 1258 705 1320 in
730 1259 851 1318 mnae
873 1278 936 1340 pro
952 1243 1105 1322 sehsrbin

141 1366 220 1426 sive
243 1383 313 1426 uno
337 1365 411 1426 sive
434 1364 591 1446 pluribus
613 1366 865 1446 pertinentibus
887 1366 931 1427 ad
961 1367 1106 1428 eundem

141 1489 295 1540 sensum,
319 1471 375 1532 vel
399 1471 503 1533 alium
528 1481 562 1533 et
585 1472 700 1534 alium.
736 1471 881 1534 Ponitur
915 1482 1027 1534 autem
1059 1474 1105 1534 ibi

136 1580 251 1656 grania
274 1577 443 1640 invisibilis
465 1597 528 1659 pro
552 1575 674 1641 effectu
698 1577 763 1640 Dei
789 1581 941 1660 gratuito
954 1580 1105 1642 interiori

140 1685 302 1747 ordinato
325 1684 369 1746 ad
392 1684 537 1748 salutem
561 1685 712 1747 hominis
734 1687 886 1748 viatoris.

232 1791 290 1852 Ex
306 1794 468 1870 predictis
490 1800 585 1873 patet
608 1792 735 1855 solutio
749 1793 972 1872 quaestionis;
997 1794 1107 1855 dicen·

140 1899 224 1960 dum
249 1899 340 1960 enim
364 1908 418 1960 est
441 1898 534 1979 quod
556 1898 617 1960 illa
638 1901 727 1960 ratio
739 1899 782 1960 de
794 1917 863 1980 qua
877 1899 1105 1980 quaerebatur,

141 2008 172 2068 si
196 2015 289 2067 recte
312 2004 536 2088 intelligatur.
562 2015 596 2067 et
618 2025 681 2086 per
715 2005 830 2087 aliqua
863 2008 1003 2068 nomina
1036 2026 1105 2068 non

121 2113 317 2205 'explicata
340 2112 549 2194 suppleatur,
574 2122 627 2176 est
650 2116 790 2194 propria
811 2115 900 2176 ratio
930 2112 1106 2176 definitiva

141 2220 367 2289 Sacramenti.
392 2239 433 2281 eo
455 2220 558 2282 modo
582 2239 650 2301 quo
675 2219 933 2283 Sacramentum
969 2231 1022 2283 est
1052 2222 1106 2282 de·

140 2326 282 2391 finibile.

231 2522 295 2585 An
318 2534 592 2585 Aaoulraurun
616 2535 856 2592 emaculet,
870 2542 946 2584 cum
959 2524 1103 2585 dicitur:

139 2626 296 2693 definitio
321 2648 389 2691 non
413 2638 466 2691 est
490 2630 555 2691 nisi
580 2629 655 2710 ejus
671 2631 762 2711 quod
779 2640 831 2691 est
846 2649 908 2710 per
923 2650 960 2692 se
977 2650 1081 2692 unum
1096 2652 1102 2702 ;

138 2738 208 2797 dico
231 2737 324 2818 quod
347 2736 427 2799 licet
451 2732 709 2799 Sacramentum
726 2757 794 2799 non
812 2739 857 2799 sit
872 2756 934 2817 per
949 2757 986 2799 se
999 2757 1103 2798 unum

139 2846 275 2907 unitate
300 2844 394 2915 reali,
430 2852 544 2925 potest
578 2852 692 2919 tamen
727 2863 803 2906 esse
833 2864 938 2906 unum
974 2847 1103 2906 unitate

138 2961 338 3033 conceptus,
364 2960 398 3014 et
420 2951 486 3013 hoc
509 2948 643 3014 sufficit.

499 3138 682 3229 Quffisrro
707 3145 750 3208 ΙΙ.

245 3272 302 3333 Ad
321 3271 487 3333 secundam
514 3272 723 3347 Quoestionem
746 3274 791 3331 sic
808 3272 997 3348 proceditur.

231 3395 379 3459 Videtur
401 3396 494 3477 quod
517 3416 579 3478 pro
615 3407 768 3477 tempore
802 3395 983 3477 cujuslibet
1013 3394 1102 3474 legis

135 3504 233 3567 datae
256 3523 276 3565 a
299 3504 375 3566 Deo
403 3524 470 3565 non
505 3502 623 3565 debuit
646 3504 779 3565 institui
814 3502 952 3582 aliquod
987 3500 1103 3561 Sacra-

136 3620 303 3682 mentum,
344 3612 427 3692 quia
459 3630 521 3691 pro
555 3620 709 3690 tempore
744 3610 832 3689 legis
867 3618 997 3670 naturae
1035 3626 1101 3667 non
