2600 4200
368 944 697 1052 Distinctio
737 945 887 1052 VIII.

243 1196 347 1272 Post
380 1197 594 1294 pnaediota
627 1196 774 1294 inquiri
812 1201 1021 1294 oportet...

218 1319 392 1394 Quaeritur
405 1321 439 1382 in
455 1319 518 1381 isla
531 1320 750 1383 Dislt'uctz'one
760 1319 794 1382 8.
806 1320 926 1383 Utrum
940 1322 971 1382 in
985 1321 1115 1384 Christo

138 1427 211 1490 sint
237 1427 313 1487 duae
338 1425 509 1488 filiationes
523 1428 630 1502 reales,
644 1437 675 1488 et
685 1426 753 1489 ltoec
775 1429 907 1508 quoestio
923 1428 1117 1509 aliqualiter

138 1533 247 1596 habet
267 1533 469 1595 evidentiam
493 1555 533 1594 ex
558 1534 619 1595 illa
650 1535 842 1617 difficultate
865 1533 890 1595 si
914 1536 1006 1616 plura
1037 1535 1117 1597 acci·

140 1639 261 1702 dentia
285 1639 432 1719 ejusdem
457 1640 573 1720 speciei
597 1648 734 1721 possunt
757 1661 825 1703 esse
849 1641 881 1703 in
904 1642 1020 1703 eodem
1038 1641 1113 1702 sub·

139 1747 249 1826 jectu.
274 1746 351 1807 Ideo
374 1745 535 1828 quaeritur
551 1746 660 1826 primo

521 1905 698 1987 Qums'no
722 1907 746 1968 I.

201 2065 312 2121 Utrum
333 2065 419 2133 plura
436 2065 593 2121 accidentia
611 2065 670 2121 solo
688 2026 808 2121 numero
820 2064 980 2121 differentln
998 2069 1115 2136 possunt

139 2170 207 2211 esse
227 2154 312 2208 simul
331 2154 362 2208 lu
380 2155 475 2209 eodem
494 2154 632 2225 subjecto.

219 2299 360 2362 Videtur
383 2300 474 2381 quod
500 2300 553 2362 sic.
580 2300 748 2363 Ponantur
772 2301 876 2362 multa
899 2300 972 2361 alba
996 2300 1027 2362 in
1052 2321 1116 2361 me-

146 2407 217 2478 dio,
232 2406 347 2467 oculus
370 2407 483 2467 videns
496 2427 550 2469 seu
568 2406 712 2468 existens
723 2407 755 2468 in
771 2426 968 2488 quocunque
992 2417 1115 2487 puncto

144 2512 247 2574 medii
273 2521 380 2593 potest
405 2512 513 2575 videre
544 2514 656 2575 omnia
678 2534 733 2588 ea;
757 2534 837 2595 ergo
872 2512 970 2573 habet
994 2513 1114 2593 species

144 2620 318 2684 distinctas
342 2619 493 2681 omnium
518 2620 664 2681 istorum.
691 2619 755 2683 Sed
779 2620 849 2680 istae
881 2618 1001 2700 species
1025 2619 1114 2681 diffo-

146 2736 227 2790 runt
249 2726 321 2788 solo
356 2746 507 2802 numero;
532 2746 611 2807 ergo
635 2726 729 2807 plura
764 2725 941 2788 accidentia
965 2725 1034 2787 solo
1059 2746 1115 2787 uu-

147 2855 242 2896 mero
265 2832 447 2895 differentia
470 2840 606 2914 possunt
629 2832 724 2895 simul
756 2853 825 2894 esse
848 2832 880 2893 in
904 2833 1029 2893 eodem.
1055 2833 1114 2893 Rc-

146 2940 325 3023 spoudclur
347 2940 438 3021 quod
461 2949 695 3021 argumentum
719 2940 802 3002 bene
824 2939 988 3001 concludit
1012 2940 1115 3000 deac-

146 3046 332 3111 cidentibus
356 3046 619 3108 intentionalibus
643 3067 709 3107 non
725 3056 835 3107 autem
860 3045 1006 3107 realibus.
1026 3045 1112 3107 Nam

150 3155 248 3237 plura
282 3152 462 3216 accidentia
496 3152 718 3214 intentionalia
748 3152 830 3214 bene
853 3161 987 3235 possunt
1017 3152 1112 3214 simul

148 3281 229 3333 esse,
255 3259 351 3321 realia
376 3280 451 3331 non,
478 3280 563 3321 nuuc
584 3260 654 3321 istae
678 3259 800 3340 species
830 3259 952 3320 habent
975 3279 1042 3320 esse
1065 3259 1112 3321 iu-

150 3367 340 3430 tentionale.
364 3402 409 3413 -
437 3362 566 3429 Contra.
592 3365 720 3429 Solutio
736 3366 961 3448 praesupponit
985 3364 1111 3440 falsum,

149 3474 273 3536 scilicet
303 3474 393 3555 quod
419 3472 488 3535 istae
509 3474 645 3555 ,species
676 3493 742 3534 non
778 3472 899 3534 habent
922 3493 990 3533 osse
1019 3475 1110 3548 reale,

147 3590 284 3664 propter
308 3581 385 3643 du0.
409 3580 524 3645 Primo
558 3581 648 3662 quod
673 3578 772 3641 habet
806 3579 968 3641 actionem
993 3579 1111 3641 realem

145 3688 248 3751 habet
272 3707 341 3749 esso
365 3687 466 3763 reale3
490 3687 546 3748 sed
569 3686 692 3768 species
715 3686 746 3747 in
771 3686 866 3747 oculo
890 3684 988 3746 habet
1012 3686 1111 3748 actio-

1006 3828 1020 3868 5
