2600 4200
365 173 554 238 D1sr1ucu.
581 175 615 236 V
641 175 794 257 QuAEs'r.
820 175 871 237 ΙΙΙ
1042 195 1078 254 71

142 352 179 416 Si
205 365 318 416 autem
343 365 434 416 esset
450 355 575 432 publice
597 353 655 416 vel
682 357 815 416 notorie
848 353 959 415 malus
994 354 1110 434 hujus-

141 461 234 522 modi
258 462 423 531 minister,
449 469 529 522 tunc
554 472 612 524 aut
636 461 803 522 incumbit
826 463 890 522 sibi
908 461 1110 540 dispensare

142 577 392 630 sacramentum
416 567 597 648 Baptismi,
622 579 661 629 ut
683 577 768 648 puta
790 570 871 648 quia
894 576 947 630 est
969 578 1110 629 curatus

142 686 202 738 aut
224 674 430 755 parochialis
454 676 622 746 sacerdos,
648 685 707 736 aut
738 694 807 736 uon
842 674 1008 736 incumbit
1041 674 1107 736 sibi

142 802 187 844 ex
211 779 322 842 officio
345 781 527 861 baptizare.
554 778 592 843 Si
610 783 719 860 primo
750 782 846 848 modo,
886 801 954 842 non
989 789 1110 862 peccat

142 891 201 969 qui
225 889 347 970 recipit
372 887 588 968 Baptismum
612 907 676 968 pro
700 907 737 948 se
760 887 817 948 vel
839 906 902 968 pro
934 888 1001 950 alio
1034 907 1112 969 par·

144 996 226 1057 vulo
250 1013 322 1058 suo.
348 992 387 1058 Si
409 996 541 1054 secundo
564 996 660 1062 modo,
690 1004 723 1056 et
747 1003 866 1075 posset
890 995 1016 1056 habere
1051 995 1111 1056 ali·

143 1121 245 1183 quern
269 1103 323 1163 cui
349 1121 417 1162 non
442 1102 608 1163 incumbit
631 1121 676 1163 ex
700 1100 811 1163 officio
841 1103 1024 1183 baptizare,
1049 1111 1109 1162 aut

144 1221 196 1271 est
224 1227 323 1288 aeque
350 1207 471 1279 malus,
508 1218 567 1270 aut
600 1209 730 1271 melior.
756 1207 793 1270 Si
832 1209 950 1277 melior,
989 1218 1109 1289 peccat

144 1315 202 1377 ille
225 1316 284 1396 qui
308 1316 430 1395 recipit
452 1315 494 1376 ab
518 1315 595 1376 alio.
621 1313 660 1376 Si
684 1325 797 1376 autem
822 1325 875 1378 est
890 1336 976 1395 oeque
991 1315 1105 1384 malus,

145 1421 247 1484 debet
269 1423 420 1502 recipere
443 1421 660 1502 Baptismum
685 1441 705 1483 a
728 1441 791 1483 suo
814 1432 941 1483 curato.

235 1635 297 1698 Au
321 1648 595 1698 ARGUMENTUM
618 1648 859 1704 summme,
876 1634 1001 1696 dicitur
1016 1633 1110 1714 quod

73 1805 80 1812 ,
146 1762 214 1804 non
238 1752 291 1804 est
315 1742 427 1804 simile
451 1745 485 1804 in
510 1745 688 1823 proposito
712 1743 754 1804 de
777 1743 939 1804 membris
955 1743 1110 1822 corporis

146 1849 312 1912 naturalis
342 1859 377 1910 et
410 1850 453 1911 de
487 1849 649 1911 membris
683 1851 838 1930 corporis
867 1849 1003 1918 mistici,
1028 1850 1112 1928 quia

149 1957 184 2018 in
207 1975 349 2037 corpore
372 1957 518 2019 naturali
543 1966 595 2018 est
618 1975 688 2019 una
710 1957 783 2017 vita
799 1974 940 2017 numero
957 1957 992 2016 in
1004 1957 1112 2017 omni-

145 2064 212 2127 bus
235 2063 406 2133 membris.
432 2071 465 2125 et
489 2064 713 2144 participatur
736 2064 779 2127 ab
813 2065 864 2125 eis
886 2063 1035 2143 quodam
1059 2081 1112 2124 or·

146 2171 235 2241 dine,
259 2171 341 2251 quia
368 2173 476 2249 primo
505 2179 558 2232 est
592 2172 627 2231 in
662 2170 773 2242 corde,
807 2172 938 2230 secundo
972 2171 1006 2231 in
1031 2170 1110 2232 aliis

147 2278 309 2339 membris
332 2277 644 2359 propinquioribus.
670 2274 740 2342 Sed
763 2278 799 2339 in
815 2296 957 2358 corpore
973 2277 1111 2338 mistico

147 2379 292 2447 non'est
314 2403 383 2447 una
405 2386 478 2445 vita
501 2402 642 2445 numero
666 2402 729 2446 nec
752 2384 812 2447 illa
835 2386 907 2445 vita
929 2403 991 2465 per
1012 2384 1112 2464 prius

147 2499 200 2553 est
224 2493 259 2553 in
282 2492 347 2553 hoc
370 2490 525 2561 membro
548 2509 649 2570 quam
675 2491 746 2561 illo,
771 2492 836 2554 nisi
865 2500 1029 2571 quantum
1066 2489 1110 2551 ad

148 2598 293 2679 gradum
317 2598 543 2660 ministrandi.

459 2840 462 2846 ’
547 2894 708 3107 nu
