2600 4200
252 167 316 224 394
484 145 559 206 Lm.
584 144 637 206 IV
661 143 980 206 srxrnsnnnmr

227 324 363 385 maliter
387 321 606 386 informantia
628 333 662 384 et
687 325 720 385 in
745 324 864 385 eodem
892 325 1061 404 subjecto
1089 323 1196 385 lormi-

229 432 309 492 litor
331 431 569 511 repugnantia.

318 589 419 653 Alto
442 589 586 668 opinio
610 598 663 650 cst
687 589 720 650 in
745 588 812 650 alio
836 601 1001 649 extremo
1027 609 1111 669 quae
1125 592 1195 650 dicit

228 697 320 778 quod
344 715 433 758 unus
457 715 582 776 corpus
605 695 742 766 subtile,
767 696 895 756 virtute
921 715 1001 756 suae
1037 697 1195 758 subtilita-

229 807 276 865 tis
299 804 464 865 naturalis
487 813 701 883 potestesse
724 821 801 863 cuni
826 800 894 862 alio
927 819 1095 882 corpore,
1126 806 1194 883 quia

228 911 369 971 cuilibet
402 909 473 971 doti
508 919 562 970 est
596 910 775 990 assignare
809 909 992 987 proprium
1031 908 1194 972 effectum.

228 1017 314 1078 alias
337 1015 465 1078 frustra
487 1027 672 1095 poneretur
694 1014 757 1076 dos
781 1017 815 1075 in
839 1015 1053 1093 corporibus
1079 1017 1194 1080 beatis:

227 1124 289 1184 scd
312 1124 386 1184 haec
411 1124 473 1183 dos
497 1141 564 1183 non
589 1133 642 1183 est
666 1123 730 1183 nisi
756 1131 934 1201 penetrare
959 1123 1101 1184 virtute
1133 1143 1195 1184 suae.

228 1231 376 1310 propriae
401 1229 612 1298 subtilitatis,
638 1228 768 1289 scilicet
796 1247 871 1288 esse
905 1246 987 1288 cum
1026 1229 1103 1289 alio
1137 1249 1198 1290 cor-

228 1356 325 1418 pore;
350 1355 443 1416 ergo
481 1334 607 1395 Modus
640 1345 756 1395 autern
789 1335 975 1414 positionis
1014 1337 1101 1397 talis
1136 1350 1195 1396 est:

227 1445 347 1516 dicunt
369 1444 459 1504 enim
484 1441 577 1521 quod
600 1451 778 1521 penetrare
800 1441 966 1519 competit
990 1441 1102 1502 alicui
1134 1462 1198 1503 cor·

228 1552 302 1630 pori
327 1548 570 1629 multipliciter.
596 1546 677 1610 Uno
689 1548 791 1607 modo
808 1549 939 1608 ratione
952 1566 1081 1626 parvae
1099 1569 1197 1630 quan·

228 1657 347 1726 titatis,
373 1655 429 1716 vel
452 1655 586 1723 acutiei‚
612 1655 701 1715 sicut
724 1653 863 1714 aculeus
886 1663 1086 1734 estcorpus
1103 1675 1199 1736 pene·
1266 1712 1267 1738 ,

227 1763 402 1824 trativum.
428 1761 511 1822 Alio
535 1760 636 1821 modo
661 1762 791 1822 ratione
814 1761 979 1830 materiae,
1006 1763 1094 1840 quia
1126 1782 1199 1822 rara
1266 1745 1268 1812 ἕ

227 1869 284 1929 vel
308 1888 423 1949 parva.
448 1867 565 1928 Tertio
579 1865 680 1927 modo
693 1866 818 1928 dicitur
828 1867 1087 1948 penetrativum
1101 1887 1198 1948 prop
1268 1880 1269 1890 ¹

227 1986 280 2037 ter
303 1977 465 2036 virtutem
483 1975 641 2034 activam.
656 1974 782 2033 Primis
797 1984 911 2034 autem
928 1973 1068 2034 duobus
1085 1975 1197 2035 modis

227 2102 352 2163 corpus
375 2082 465 2144 beati
490 2081 679 2162 gloriosum
704 2099 770 2141 non
803 2080 927 2141 dicitur
961 2079 1104 2147 subtile.
1137 2082 1197 2143 sed

215 2199 361 2260 ,tantum
386 2190 485 2249 tertio
509 2188 611 2248 modo
635 2189 767 2248 ratione
791 2188 939 2247 virtutis.

317 2296 382 2357 Sed
401 2302 507 2354 contra
531 2295 585 2353 hoc
608 2294 776 2375 arguitur,
801 2295 881 2373 quia
904 2291 1039 2353 fatuum
1069 2307 1125 2355 est
1150 2295 1200 2355 (Ε-

227 2420 303 2464 cere
327 2402 418 2481 quod
443 2399 538 2460 locus
562 2402 596 2461 in
622 2418 690 2479 quo
714 2410 768 2461 est
789 2417 913 2479 corpus
937 2399 1134 2480 gloriosum
1150 2402 1199 2462 sit

228 2528 388 2578 vacuum;
414 2526 497 2587 ergo
522 2507 602 2567 talis
625 2506 721 2567 locus
745 2514 798 2567 est
821 2505 954 2585 plenus,
979 2516 1014 2567 et
1047 2508 1098 2567 sic
1126 2526 1197 2567 cor-

227 2634 293 2695 pus
317 2614 506 2695 gloriosum
530 2622 583 2674 est
606 2613 811 2693 repletivum
836 2612 928 2673 illius
951 2610 1029 2678 loci,
1067 2624 1100 2673 et
1133 2632 1196 2692 per

228 2740 442 2800 consequens
466 2719 687 2800 expulsivum
712 2719 862 2780 alterius.
889 2754 929 2763 -
956 2718 1131 2779 Praeterea
1146 2720 1196 2779 di-

228 2830 275 2889 cit
299 2827 531 2906 Philosophus
553 2846 584 2902 4.
609 2826 705 2903 Phys.
731 2827 823 2906 quod
847 2826 1015 2886 dimensio
1030 2836 1194 2906 separata

227 2956 248 2995 a
271 2934 493 3014 qualitatibus
517 2953 585 2994 non
617 2943 733 3013 potest
766 2952 842 2993 esse
876 2932 976 2993 simul
1013 2949 1091 2993 curn
1125 2934 1195 2993 alia

227 3042 449 3108 dimensione,
474 3059 536 3100 nec
561 3049 642 3100 tunc
665 3040 800 3101 cederet
816 3038 911 3099 alteri
925 3040 1072 3117 corpori,
1090 3051 1124 3101 et
1142 3040 1193 3100 sic

227 3150 257 3208 si
282 3148 378 3209 locus
401 3158 492 3207 esset
505 3147 673 3208 dimensio
686 3156 851 3227 separata,
869 3146 1083 3226 impossibile
1099 3157 1193 3207 esset

227 3256 357 3316 moveri
383 3254 522 3333 aliquid,
547 3254 628 3332 quia
651 3273 719 3314 una
749 3253 916 3314 dimensio
951 3271 1018 3312 non
1054 3253 1191 3314 cederet

227 3362 339 3432 alteri;
365 3379 448 3441 crgo
472 3360 586 3421 ablata
609 3378 811 3439 quacunque
834 3358 1047 3437 corpulentia
1078 3360 1191 3419 adhuc

227 3477 342 3529 manet
366 3469 400 3528 in
425 3469 615 3546 quantitate
628 3468 714 3527 ratio
731 3465 925 3547 impellendi
943 3474 977 3526 et
990 3465 1191 3545 expellendi

227 3575 321 3636 aliud
344 3593 468 3654 corpus
492 3574 729 3653 quodcunque.
