2600 4200
224 220 286 278 286
438 217 512 277 Lm.
538 215 589 277 IV
615 215 920 278 Sexrexnnnun

199 395 408 461 contrahere,
433 395 588 474 nunquid
611 394 679 456 alia
702 414 848 474 persona
870 395 1016 474 simplici
1044 397 1160 457 animo

199 499 403 561 contrahens
426 500 608 582 obligatur.
635 499 782 561 Videtur
804 501 897 580 quod
923 503 983 570 sic,
1011 503 1091 580 quia
1113 521 1159 562 ex

199 617 295 686 parte
319 607 391 686 ejus
416 616 497 667 sunt
520 619 588 668 tam
613 627 802 669 consensus
825 627 927 687 quam
952 609 1058 668 verba
1079 628 1157 688 quae

200 723 281 774 sunt
304 731 407 774 causa
430 713 653 795 obligationis
677 715 711 775 in
735 714 962 775 matrimonio
987 751 1029 758 —
1047 716 1160 776 Secun-

198 821 272 880 dum
296 821 441 879 decbium:
473 830 547 880 esto
571 821 663 901 quod
697 821 814 881 dolose
848 821 1052 882 contrahens
1086 840 1160 901 pro-

199 945 297 987 cessu
323 927 486 1006 temporis
510 927 682 1006 exprimat
704 927 819 987 dolum
843 946 943 987 suum
967 928 1063 988 alteri
1087 946 1160 1008 per·

199 1051 294 1092 sonae
319 1051 396 1111 quae
421 1034 593 1094 contraxit
616 1052 732 1094 secum
757 1034 905 1093 inbono
937 1035 1061 1102 anim0,
1093 1035 1160 1095 ista

199 1157 267 1199 non
291 1148 405 1218 potest
428 1140 583 1200 recedere
607 1158 670 1200 nec
693 1140 832 1200 reddere
860 1140 1023 1208 debitum,
1047 1150 1160 1202 stante

199 1246 408 1306 conscientia
431 1246 473 1306 de
497 1245 585 1314 dolo,
610 1255 751 1325 propter
765 1246 954 1325 periculum
970 1243 1163 1307 iomicatio-

150 1403 154 1412 .
200 1353 263 1420 nis,
288 1361 323 1412 et
346 1353 395 1413 sic
419 1363 570 1413 remanet
594 1352 767 1431 perplexa.

289 1457 348 1518 Ad
365 1462 509 1535 primum
533 1459 662 1518 dubium
686 1458 762 1519 dico
785 1459 877 1537 quod
900 1459 982 1537 quia
1011 1469 1163 1519 contrao-

200 1573 256 1625 tus
279 1566 486 1625 matrimonii
511 1583 576 1625 non
603 1564 780 1633 claudicat,
798 1575 836 1626 ut
848 1566 893 1625 sit
905 1565 1159 1625 matrimonium

199 1691 244 1730 ex
269 1671 374 1732 altera
397 1682 493 1751 parte
516 1682 660 1740 tantum,
692 1681 726 1731 et
751 1671 827 1731 ideo
851 1672 880 1732 si
908 1672 1057 1731 secunda
1087 1690 1163 1750 per-

199 1796 283 1836 sona
308 1795 374 1838 non
399 1779 457 1837 dat
480 1796 694 1845 consensum,
719 1796 787 1838 non
811 1786 864 1837 est
887 1777 933 1837 ibi
965 1787 1161 1838 contractus

199 1883 417 1952 matrimonii,
442 1885 548 1944 etsie
573 1883 680 1943 altera
702 1901 849 1962 persona
871 1901 940 1942 non
974 1881 1159 1964 obligatur.

200 2024 241 2031 —
268 1985 337 2050 Sed
361 1998 441 2049 tunc
465 1998 617 2050 remanet
640 1989 807 2047 secundum
830 1987 968 2056 dubium,
997 1989 1039 2050 ad
1066 1989 1160 2068 quod

199 2095 317 2157 dicunt
341 2095 445 2175 aliqui
470 2095 561 2175 quod
585 2095 644 2157 illa
666 2115 812 2175 persona
842 2114 909 2156 non
944 2105 1058 2174 potest
1088 2096 1164 2156 red-

199 2201 279 2262 dere
303 2202 454 2262 debitum
479 2211 590 2263 stante
615 2202 824 2262 conscientia
847 2201 984 2262 dedolo
1000 2201 1157 2272 alterius;

199 2326 261 2367 nec
286 2317 398 2387 potest
422 2308 586 2376 recedere,
611 2307 693 2386 quia
715 2318 903 2386 exponeret
936 2326 974 2367 se
1007 2306 1161 2386 periculo

200 2411 443 2475 iomicationis.
470 2414 547 2473 Alia
571 2416 621 2472 via
646 2423 700 2474 est
722 2412 851 2482 melior,
877 2414 969 2493 quod
993 2413 1071 2473 talis
1086 2432 1163 2492 pcr-

200 2539 284 2579 sona
307 2540 374 2580 non
399 2517 480 2580 facit
496 2521 562 2580 sibi
580 2520 822 2580 conscientiam
836 2519 928 2599 quod
944 2519 1030 2580 alter
1040 2518 1160 2579 dolose

200 2628 419 2695 consenserit,
454 2626 514 2686 sed
549 2626 641 2705 quod
675 2625 777 2685 modo
811 2626 975 2685 mentitur
1008 2637 1042 2686 et
1073 2625 1161 2685 alias

199 2750 280 2791 vere
304 2733 523 2801 consenserit,
548 2733 637 2793 sicut
660 2742 714 2791 est
736 2732 778 2791 de
802 2730 861 2792 illo
877 2732 936 2811 qui
953 2732 1042 2793 dixit
1057 2732 1157 2792 uxori

200 2839 293 2917 quod
315 2840 537 2918 cognovisset
560 2847 702 2898 matrem
727 2839 863 2908 uxoris;
887 2837 966 2897 talis
982 2838 1072 2899 enim
1089 2856 1158 2897 non

200 2952 335 3005 tenetur
358 2945 496 3006 reddere
520 2944 672 3004 debitum
696 2944 818 3003 marito
842 2944 892 3003 sic
915 2944 1089 3004 asserenti.

289 3120 351 3181 AD
374 3133 648 3182 ARGUMENTUM
684 3121 717 3179 in
751 3121 944 3179 contrarium
979 3119 1021 3180 de
1054 3117 1160 3197 Jacob

199 3236 235 3288 et
258 3226 329 3294 Lia,
355 3228 428 3287 sive
450 3227 554 3306 Jacob
578 3236 763 3287 excusetur
785 3226 859 3286 sine
882 3245 961 3295 non,
973 3226 1049 3286 dico
1065 3224 1161 3305 quod

199 3334 373 3395 consensit
397 3335 430 3394 in
456 3333 551 3394 Liam
575 3352 667 3393 novo
697 3350 875 3400 consensu,
911 3341 946 3393 et
976 3332 1040 3393 hoc
1070 3330 1157 3392 forte

199 3451 338 3519 propter
361 3440 466 3501 verba
489 3438 604 3500 Laban
629 3439 790 3500 dicentis:
815 3457 882 3498 non
906 3448 960 3499 est
981 3446 1162 3499 consuetu·

200 3546 290 3606 dinis
314 3546 348 3607 in
372 3545 447 3607 loco
471 3547 537 3606 isto
560 3553 598 3605 ut
621 3546 770 3605 minores
793 3545 889 3624 prius
912 3544 1089 3605 tradantur
1113 3542 1161 3604 ad

198 3652 346 3731 nuptias.
