2600 4200
504 771 822 920 mstneno
862 811 934 918 11.

446 1068 550 1144 Nam
585 1065 991 1144 Sacramentum...

331 1225 422 1286 Circa
457 1227 548 1285 istam
585 1226 668 1286 Dist.
704 1244 733 1286 2.
768 1246 875 1304 qrcoero
908 1232 971 1286 tres
1005 1228 1203 1304 questiones.

237 1331 367 1393 Primo:
399 1332 514 1392 Utrum
538 1333 602 1391 sint
622 1338 735 1410 septem
763 1331 968 1392 Sacramenta
996 1353 1084 1393 now
1110 1333 1201 1410 legis.

237 1435 411 1500 Secundo:
443 1439 558 1498 Utrum
583 1439 788 1498 Sacramenta
811 1459 899 1498 seona·
921 1439 1126 1517 legishabent
1136 1439 1207 1517 effi-

236 1547 352 1605 caciam
375 1565 395 1605 a
412 1548 559 1622 passione
587 1545 713 1606 Christi.
732 1545 864 1606 Tertio:
895 1547 1010 1606 Utnsm
1026 1547 1205 1624 baptizatus

236 1650 385 1728 baptismo
400 1651 537 1728 Joannis
560 1658 702 1711 teneatur
724 1655 896 1713 necessario
919 1652 1112 1729 rebaptizari
1128 1651 1205 1731 bap-

236 1759 326 1818 tismo
354 1759 480 1820 Christi.

600 1917 782 1998 anasrm
806 1917 833 1978 1.

356 2059 411 2119 Ad
424 2061 565 2137 primam
594 2059 802 2135 chastronem
827 2063 870 2121 sic
888 2062 1078 2139 proceditur.

326 2200 473 2264 Videtur
496 2202 587 2282 quod
612 2222 681 2263 non
705 2204 775 2264 sint
809 2212 941 2282 septem
977 2202 1206 2264 Sacramenta

237 2326 337 2367 novae
362 2308 459 2389 legis,
485 2310 566 2387 quia
590 2307 811 2370 Sacramenta
834 2318 916 2370 sunt
939 2308 1202 2371 medicinacon·

237 2422 290 2474 tra
313 2414 474 2485 vulnera;
499 2414 560 2476 sed
585 2424 716 2476 tanturn
741 2415 809 2477 duo
833 2427 914 2476 sunt
950 2416 1101 2482 vulnera,
1137 2416 1207 2476 sci-

236 2518 316 2581 licet
350 2521 461 2601 culpae
485 2530 519 2581 et
542 2540 675 2601 poenae;
705 2523 812 2601 igitur
847 2530 927 2583 sunt
961 2521 1030 2582 duo
1062 2529 1204 2581 tantum

237 2625 466 2687 Sacramenta.

330 2734 452 2793 Contra.
478 2732 614 2796 Genera
628 2744 845 2813 peccatorum
863 2742 944 2795 sunt
961 2743 1108 2815 septem;
1134 2734 1208 2813 igi-

237 2850 292 2901 tur
316 2838 536 2902 Sacramenta
561 2850 640 2902 sunt
665 2851 805 2921 septem.

327 2945 807 3021 Aa1srnn19affisnonnn
841 2955 921 3008 sunt
952 2946 1210 3009 conclusiones

237 3062 315 3114 tres
342 3054 453 3113 Prima
478 3064 530 3115 est
554 3055 646 3133 quod
669 3073 861 3135 congruum
884 3064 938 3115 est
961 3054 1075 3134 legem
1097 3072 1212 3115 evan-

238 3160 383 3240 gelicam
408 3158 638 3221 Sacramentis
662 3157 920 3240 perfectissimis
944 3160 1112 3221 adornari.
1146 3160 1213 3220 Se-

236 3266 336 3326 cunda
364 3266 524 3326 Conclusio
548 3274 600 3327 est
624 3266 716 3346 quod
740 3266 800 3328 illa
823 3262 1054 3334 Sacramenta.
1071 3266 1211 3346 quibus

237 3372 295 3433 lex
318 3373 519 3455 evangeliea
543 3373 735 3441 adornatur.
762 3382 842 3434 sunt
857 3383 999 3452 septem.
1026 3374 1132 3433 Tertia
1148 3386 1214 3439 est

237 3478 328 3557 quod
360 3478 418 3539 illa
452 3488 582 3559 septem
618 3478 840 3539 Sacramenta
875 3488 956 3541 sunt
990 3498 1011 3539 a
1044 3476 1123 3540 Deo
1156 3482 1217 3544 in·
1298 3523 1299 3574 4

237 3584 365 3644 stituta.
