2600 4200
332 247 523 310 D1sc1uci.
550 246 641 309 XIV
666 244 819 325 Qunam,
839 244 873 307 ΙΙ
1015 250 1075 323 189

136 436 190 488 est
214 437 316 488 natus
338 426 464 487 habere
480 425 628 506 speciale
644 424 815 506 objectum
832 435 865 486 et
881 425 1100 486 circumstan-

137 535 204 595 tias
228 532 395 613 speciales
418 532 593 594 ordinatas
616 541 670 593 est
693 542 790 594 actus
814 532 952 593 virtutis
972 532 1100 611 specia-

136 641 201 712 lis;
238 640 298 701 sed
332 641 501 719 poenitere
534 648 587 701 est
621 638 815 719 hujusmodi
851 646 967 709 actus;
1003 656 1098 719 ergo.

137 746 247 825 Major
268 755 373 826 patet,
398 746 459 807 sed
482 746 526 807 ad
547 746 757 807 evidentiam
781 746 913 805 minon's
929 745 1100 805 estscien-

136 855 217 915 dum
243 852 335 934 quod
358 854 527 932 poenitere
551 852 694 933 requirit
719 852 915 913 distinctam
932 850 1099 933 cognitio

137 979 215 1021 nem
227 960 302 1039 ejus
313 960 436 1041 dequo
452 960 598 1040 poenitet
613 969 786 1039 peccat0r;
804 958 982 1039 cognoscit
1006 958 1097 1018 enim

136 1075 296 1147 peccator
329 1084 366 1127 se
401 1067 444 1127 ad
477 1084 616 1146 poenam
650 1064 853 1147 obligatum.
878 1062 951 1126 Ista
984 1072 1097 1126 autem

136 1173 305 1255 obligatio
329 1182 473 1255 generat
496 1172 682 1243 tristitiam,
706 1181 828 1251 postea
850 1178 964 1233 autem
988 1172 1099 1251 sequi-

136 1290 193 1341 tur
215 1278 465 1359 complacentia
488 1280 639 1341 tristitiae
664 1288 698 1341 et
713 1278 850 1339 demum
872 1277 1036 1359 gaudium
1053 1276 1098 1339 de

136 1386 286 1455 tristitia,
311 1386 498 1447 secundum
523 1384 608 1446 illud
634 1384 849 1465 Augustini:
873 1394 1032 1464 peccator
1054 1384 1098 1445 de

136 1503 277 1572 peccato
301 1492 415 1554 doleat
438 1504 473 1553 et
496 1492 538 1553 de
554 1491 672 1553 dolore
688 1491 847 1573 gaudeat.
866 1490 966 1553 Nunc
982 1498 1096 1553 autem

137 1599 172 1660 in
196 1598 251 1660 his
271 1599 433 1661 omnibus
448 1610 501 1660 est
516 1598 665 1679 speciale
677 1598 857 1678 objectum,
874 1606 908 1659 et
924 1606 1005 1659 sunt
1021 1616 1096 1677 spe·

136 1705 241 1766 ciales
264 1706 532 1767 circumstantia⁸
554 1705 666 1767 bonae.

225 1918 289 1981 De
313 1899 436 1981 tert-lo
452 1916 645 1981 Arttonlo
660 1917 737 1978 dico
753 1925 823 1979 tros
839 1914 1095 1979 conclusiones.

226 2024 348 2093 Prima,
376 2024 469 2105 quod
485 2026 637 2105 ponn'lere
661 2043 728 2085 non
753 2032 805 2085 est
828 2034 925 2085 actus
949 2021 1098 2083 intellec-

136 2133 239 2194 tualis
263 2133 410 2194 virtutis.
437 2132 583 2193 Probotio
603 2129 726 2211 hujus:
752 2133 833 2212 quia
866 2139 963 2192 actus
997 2149 1098 2211 appe·

136 2241 221 2302 titus
244 2249 282 2300 ut
297 2241 472 2319 appetitus
487 2257 554 2299 non
572 2249 669 2300 actus
685 2239 824 2299 virtutis
839 2235 1095 2308 intellectualis;

135 2348 197 2410 sed
220 2348 388 2427 poenitere
422 2355 475 2406 est
509 2355 606 2406 actus
630 2346 804 2426 appetitus
828 2355 866 2406 ut
899 2344 1094 2424 appetitus;

135 2472 229 2535 ergo.
248 2453 416 2520 Prolerea,
438 2453 548 2513 virtus
565 2450 807 2512 intellectualis
823 2451 981 2512 consistit
1004 2451 1096 2510 circa

135 2579 255 2622 verum
279 2569 313 2620 et
335 2557 471 2626 falsum,
497 2560 607 2619 virtus
631 2568 745 2619 autem
780 2558 995 2637 poenitentiae
1018 2575 1096 2617 con·

135 2667 228 2728 sistit
251 2667 341 2727 circa
362 2666 490 2728 bonum
514 2675 548 2726 et
571 2665 710 2734 malum,
735 2663 865 2726 scilicet
887 2663 967 2726 huic
983 2681 1097 2743 prose·

135 2773 273 2853 quendo
294 2772 422 2833 bonum
447 2782 482 2832 et
504 2769 670 2853 fugiendo
693 2771 831 2832 malum.

225 2880 367 2940 Secunda
396 2879 564 2946 Conclusio,
594 2879 686 2959 quod
709 2879 878 2958 poenitere
912 2888 964 2938 est
999 2887 1096 2938 actus

134 2987 275 3048 virtutis
298 2985 489 3047 ordinantis
512 2986 555 3046 ad
580 2985 735 3053 alterum.
761 2985 850 3045 sicut
877 2994 929 3045 est
949 2985 1093 3064 justitia.

135 3093 283 3153 Probatoo
306 3074 524 3173 hujussquia
546 3093 714 3172 poenitere
739 3110 805 3153 non
835 3097 887 3152 est
910 3101 1006 3152 actus
1030 3091 1096 3151 vir·

134 3200 220 3260 tutis
244 3200 443 3280 appetitivae
459 3198 649 3259 ordinantis
666 3197 709 3260 ad
725 3199 886 3278 seipsum,
904 3197 1093 3277 cujusmodi

134 3315 217 3367 sunt
243 3307 470 3385 temperantia
504 3315 538 3366 et
572 3303 756 3376 fortitudo;
793 3323 877 3385 ergo
911 3313 964 3366 est
998 3313 1095 3365 actus

136 3413 275 3473 virtutis
298 3411 488 3472 ordinantis
512 3411 556 3472 ad
590 3411 745 3472 alterum.
770 3409 840 3473 Sed
863 3413 974 3472 virtus
1008 3411 1095 3472 ordi-

134 3537 222 3580 nans
246 3518 289 3579 ad
312 3519 456 3579 alterum
481 3529 534 3579 est
568 3518 703 3597 justitia
726 3538 768 3578 ex
788 3537 820 3594 5.
846 3519 947 3578 Ethic.
961 3541 974 3584 ‚·
997 3536 1092 3599 ergo.

139 3626 364 3703 Consequentia
387 3635 481 3686 tenet
504 3626 729 3705 supponendo
756 3623 921 3686 famosam
957 3623 1095 3686 distinc-
