2600 4200
229 224 290 299 248
389 292 394 303 ¹
464 218 538 282 Lm.
564 217 616 282 IV
641 216 948 283 Sunrenrmuun

205 411 323 463 contra
345 400 480 481 culpam
505 400 671 462 actualem
707 400 876 462 venialem
911 408 964 461 est
998 398 1169 461 Extrema

205 508 342 572 Unctio.

293 724 357 787 De
381 723 502 787 tertio
526 720 731 795 Articulo,
756 720 886 783 scilicet
911 720 1058 801 quidest
1075 718 1167 782 Unc-

206 833 253 893 tio
276 830 443 892 Extrema
466 830 651 891 secundum
677 848 773 889 suam
797 828 1070 908 descriptionem,
1089 828 1165 889 dico

205 939 297 1018 quod
319 936 486 999 Extrema
508 936 637 999 Unctio
661 946 713 998 est
737 937 852 997 unctio
876 936 1026 997 hominis
1039 933 1163 995 infirmi

205 1046 404 1125 poenitentis
428 1043 518 1106 facta
541 1046 575 1105 in
599 1044 834 1105 determinatis
858 1042 1014 1122 partibus
1048 1060 1166 1121 corpo·

205 1154 252 1214 ris
275 1172 351 1213 cum
377 1152 452 1213 oleo
476 1162 673 1213 consecrato
697 1151 740 1210 ab
764 1148 937 1230 Episcopo
972 1149 1166 1214 ministrata

205 1280 225 1319 a
248 1256 431 1321 Sacerdote
463 1258 564 1320 simul
598 1258 704 1319 verba
737 1265 830 1318 certa
863 1276 940 1318 eum
975 1256 1165 1317 intentione

205 1367 320 1427 debita
341 1364 534 1446 proferente
557 1385 602 1427 ex
619 1366 833 1426 institutione
850 1364 969 1425 divina
983 1360 1166 1425 efficaciter

205 1475 348 1555 signans
371 1474 580 1535 curationem
616 1472 803 1534 venialium
837 1470 983 1533 finalem.
1018 1508 1059 1515 -
1092 1470 1166 1532 Ista

205 1582 291 1642 ratio
315 1591 456 1661 apparet
478 1582 568 1642 bona
591 1581 673 1660 quia
696 1598 764 1641 non
787 1588 840 1641 est
858 1580 898 1641 in
923 1598 960 1640 se
990 1576 1086 1649 falsa,
1119 1598 1166 1640 ex

201 1708 233 1764 5.
259 1688 397 1767 iiletaplr.
422 1688 503 1767 quia
527 1686 620 1749 nulla
643 1705 723 1766 pars
747 1687 821 1767 ejus
852 1696 1024 1768 repugnat
1054 1686 1163 1747 alteri.

205 1795 264 1856 Ad
287 1795 383 1875 cujus
407 1796 613 1856 evidentiam
637 1802 772 1874 oportet
805 1805 920 1873 partes
955 1794 1027 1875 ejus
1061 1812 1167 1873 expo-

205 1922 293 1963 nere.
319 1902 454 1963 Dicitur
469 1904 559 1963 enim
578 1903 622 1963 ibi
640 1904 751 1982 primo
768 1902 859 1982 quod
871 1910 923 1963 est
935 1903 1045 1969 renerio,
1067 1902 1166 1981 cujus

204 2012 429 2091 congruentia
451 2019 504 2070 est
527 2011 609 2089 quia
632 2008 716 2069 illud
739 2010 877 2090 signum
903 2008 1064 2069 sensibile
1088 2026 1167 2069 con-

206 2119 299 2197 gruit
322 2115 471 2186 effectui:
492 2118 622 2179 scilicet
654 2117 803 2178 unctioni
837 2117 999 2178 interiori.
1032 2152 1073 2160 —
1107 2113 1166 2178 Se·

204 2226 315 2286 cundo
339 2225 509 2285 subditur:
534 2225 670 2283 hominis
694 2225 826 2302 infirmi,
856 2223 931 2284 ideo
964 2242 1030 2284 non
1062 2223 1165 2284 debet

204 2329 348 2392 conferri
373 2351 457 2391 sano
481 2351 542 2391 nec
574 2330 855 2410 qualitercunque
889 2331 1048 2409 exposito
1079 2331 1166 2410 peri·

205 2437 282 2498 culo
305 2440 435 2502 mortis.
460 2447 544 2516 puta
567 2439 602 2498 in
626 2439 772 2497 transire
795 2455 898 2506 mare,
934 2437 989 2498 vel
1023 2437 1162 2504 bellum.

205 2545 265 2605 sed
289 2543 422 2604 infirmo
447 2546 617 2606 existente
642 2545 676 2603 in
701 2543 853 2622 periculo
877 2546 1005 2604 mortis.
1026 2579 1066 2588 -
1084 2543 1165 2606 Ter·

206 2654 253 2712 tio
269 2651 417 2738 additur:
437 2653 623 2730 penitentis,
645 2651 726 2730 quia
742 2649 856 2710 nullus
868 2659 920 2712 est
936 2669 1045 2730 capax
1063 2651 1163 2711 istius

205 2758 319 2838 digne,
344 2759 402 2836 qui
428 2777 495 2818 non
520 2768 572 2818 est
596 2759 630 2817 in
656 2758 777 2837 gratia.
804 2755 994 2835 —Quarto
1011 2757 1161 2817 additur:

205 2867 238 2923 iu
262 2866 475 2924 determinatis
493 2865 638 2941 partibus
662 2865 818 2940 corporis:
843 2865 918 2925 istae
943 2872 1057 2942 partes
1082 2872 1163 2924 sunt

204 2991 335 3052 organa
358 2973 587 3050 potentiarum
611 2990 672 3050 per
696 2989 839 3050 quarum
875 2979 971 3032 actus
1002 2978 1165 3050 peccatur

204 3077 399 3157 frequenter
423 3077 611 3146 venialiter,
640 3085 759 3157 utpote
775 3095 907 3157 organa
922 3077 1074 3156 quinque
1090 3095 1166 3138 sen·

205 3204 304 3246 suum
317 3194 351 3245 et
363 3186 525 3264 potentiae
538 3186 687 3245 motivae.
701 3182 789 3245 Sunt
806 3193 920 3246 autern
935 3183 1019 3253 haec,
1031 3201 1163 3263 organa

205 3294 367 3371 potentia³
379 3294 487 3350 vr'siece
495 3291 562 3350 duo
570 3291 673 3361 oculi;
687 3310 817 3372 organa
829 3291 991 3370 potentiae
1002 3291 1159 3358 auditzbce,

205 3399 281 3459 duae
307 3418 419 3468 aures;
445 3418 576 3479 organa
598 3400 773 3465 odorarivoe,
803 3398 880 3459 duae
900 3417 1012 3468 nares:
1030 3400 1159 3466 lactivoe,

205 3505 282 3565 duae
306 3525 444 3575 manus;
469 3525 637 3586 organum
658 3512 771 3582 gustus
795 3514 848 3566 est
870 3504 991 3586 lingua
1026 3505 1060 3566 in
1095 3523 1166 3584 qua

206 3630 272 3672 non
297 3611 335 3672 fit
365 3614 481 3672 unctio
515 3622 654 3691 propter
688 3611 973 3673 abominationem
1004 3611 1164 3684 dolentis,
