2600 4200
383 223 572 286 Drsrrxrr.
597 223 613 286 Ι
638 224 790 304 Qtz-nsr.
815 222 850 286 ll
1055 247 1075 303 ᾳ

130 421 240 484 gnum
260 407 445 482 praclr'cum,
475 405 630 466 absolute
654 417 771 486 posset
796 407 926 467 institui
952 407 994 465 ab
1019 405 1095 472 alin,

131 512 193 572 se'd
218 531 287 572 non
309 514 472 593 congruit
496 513 576 592 quia
601 514 771 575 institutio
795 513 875 574 talis
898 513 989 593 signi
1006 522 1097 574 esset

131 619 274 679 omnino
306 616 441 684 frustra,
477 637 553 680 cum
590 639 633 680 ex
669 621 888 699 impositione
923 638 1095 699 nunquam

132 727 208 786 sinc
233 725 301 786 alio
325 727 517 788 extrinseco
542 737 656 806 potest
671 727 796 788 habere
813 728 1001 794 veritatem,
1018 745 1094 786 cum

133 853 201 894 non
228 834 272 893 sit
298 833 331 894 in
356 843 525 912 potestate
549 835 757 913 imponentis
781 833 837 894 vel
861 835 998 894 utentis.
1024 833 1095 894 Nec

132 929 296 1020 congruit
322 940 413 1019 quod
430 939 526 1001 Deus
542 942 733 1001 committat
751 939 899 1001 inferiori
919 941 1095 1000 instituere

132 1047 393 1108 Sacramentum
419 1049 618 1126 inquantum
638 1049 776 1127 signum
793 1055 919 1111 cernon,
942 1067 984 1107 ne
1000 1046 1096 1108 Deus

132 1164 225 1214 esset
244 1154 457 1233 approbatur
480 1155 571 1233 signi
598 1155 728 1219 incerti.
743 1153 819 1215 falsi
837 1173 897 1214 seu
914 1155 1093 1232 aequivoci.

132 1261 254 1322 Potest
278 1271 390 1321 tamen
416 1260 674 1321 Sacramentum
700 1263 901 1340 inquantum
917 1264 1043 1336 sirmam
1062 1272 1095 1320 et

130 1371 313 1448 inquatum
337 1374 462 1434 cestram,
492 1368 534 1426 ab
559 1367 625 1427 alio
651 1389 671 1427 a
698 1367 772 1428 Deo
797 1367 1007 1448 promulgari
1025 1381 1096 1428 tan·

130 1489 472 1554 quam‘a‘praecone
498 1475 558 1534 sed
585 1477 650 1535 ista
674 1476 906 1555 promulgatio
941 1495 1008 1535 non
1044 1484 1095 1536 est

130 1583 316 1644 institutio.
342 1582 401 1644 sed
424 1583 662 1662 praesupponit
687 1584 945 1644 institutionem.

226 1796 366 1859 Tertia
394 1797 609 1860 Corwltralo
633 1806 695 1864 est,
713 1795 805 1876 quod
821 1815 882 1876 pro
898 1797 989 1856 omni
1003 1804 1093 1856 statu

131 1905 200 1965 viae
214 1914 295 1984 post
307 1904 440 1984 lapsum
454 1921 592 1964 necesse
604 1901 669 1964 fuit
681 1905 814 1964 institui
828 1903 966 1983 aliquod
979 1902 1095 1962 Sacra-

130 2019 297 2077 mentum,
323 2012 403 2090 quia
426 2030 487 2090 pro
524 2012 615 2071 omni
652 2021 804 2089 tempore
842 2030 904 2090 pro
940 2029 1007 2088 quo
1043 2019 1094 2068 est

130 2119 283 2184 morbus,
310 2128 361 2179 cst
386 2122 577 2179 necessaria
600 2120 788 2186 medicina;
825 2120 884 2179 sed
908 2137 970 2197 pro
1001 2118 1091 2177 omni

129 2236 225 2289 statu
250 2228 318 2287 viae
342 2236 420 2305 post
444 2226 577 2305 lapsum
602 2224 667 2287 fuit
690 2227 849 2292 morbus;
875 2245 958 2306 ergo
983 2244 1094 2284 neces·

130 2336 224 2395 saria
248 2332 312 2393 luit
336 2333 511 2394 medicina.
538 2332 607 2394 Sed
632 2334 698 2393 ista
721 2334 890 2393 medicina
914 2332 1095 2392 estSacra-

129 2452 306 2520 mentum;
333 2458 416 2519 ergo
441 2458 502 2519 pro
526 2432 788 2519 omnitempore
806 2438 869 2501 fuit
887 2450 1091 2519 oportunum

129 2548 402 2607 Sacramentum.

222 2652 279 2714 Ex
303 2654 358 2713 his
382 2650 521 2733 apparet
538 2654 630 2733 quod
647 2674 708 2733 pro
727 2664 817 2714 statu
828 2657 944 2731 putria
962 2652 1091 2713 nullum

128 2763 293 2842 congruit
326 2737 592 2826 Sacramentum.
629 2762 710 2839 quia
743 2773 824 2821 tunc
858 2780 925 2819 non
956 2760 1093 2839 'indiget

128 2870 235 2930 homo
259 2860 479 2953 sensibilibus
504 2877 540 2928 ut
564 2867 736 2947 intelligat
760 2866 992 2947 intelligibilia
1021 2886 1093 2945 per·

128 2977 277 3037 tinentia
301 2974 343 3034 ad
368 2974 511 3034 salutem
537 2976 617 3053 quia
641 2987 844 3034 consecutus
868 2972 1016 3053 perfecte
1044 2994 1093 3033 sa-

128 3084 248 3149 lutem.
275 3102 342 3142 non
369 3082 500 3161 indiget
524 3082 565 3141 ad
590 3082 811 3161 quaerendum
829 3082 1092 3160 pertinentiam]

127 3188 287 3251 salutem.
330 3188 397 3249 Pro
436 3197 526 3249 statu
566 3190 668 3249 etiam
709 3191 889 3247 irmoceulr'ce
929 3207 996 3248 non
1028 3186 1092 3248 fuit

126 3314 324 3378 congruum
337 3296 468 3355 institui
483 3294 739 3356 Sacramentum
753 3296 841 3354 sicut
852 3306 930 3373 post
947 3296 1090 3373 lapsum,

106 3384 111 3393 ’
126 3402 210 3484 quia
234 3400 299 3465 etsi
325 3402 427 3463 homo
445 3410 525 3462 tunc
542 3404 654 3481 potuit
671 3421 715 3461 ex
732 3402 951 3463 sensibilibus
968 3420 1092 3480 coguo-

125 3531 222 3573 scere
248 3508 447 3577 invisibilia,
473 3519 584 3569 tamen
610 3508 741 3569 nullum
759 3508 919 3568 sensibile
936 3506 1091 3568 fuittunc

125 3619 362 3681 necessarium
381 3627 547 3695 ¹tanquam
572 3615 750 3677 conferens
767 3615 809 3675 ad
826 3614 970 3675 salutem
987 3632 1092 3673 remo-
