2600 4200
375 733 692 839 Distinctio
731 731 1014 838 XXXIV.

381 986 502 1062 Nune
532 991 726 1086 superest
756 989 1015 1065 attendere...

310 1161 402 1222 Circo
426 1162 573 1223 Distinet.
595 1181 641 1240 34
663 1168 694 1222 et
711 1181 765 1239 35.
790 1169 979 1240 quoeruntur
1003 1169 1069 1222 tres
1088 1163 1187 1237 Quu-

206 1269 337 1329 stionos.
364 1267 499 1329 Prima:
532 1269 646 1328 Utrum
671 1271 790 1330 licitum
803 1267 915 1344 suerit
946 1271 981 1328 in
1015 1270 1085 1346 lege
1120 1290 1187 1329 mo·

213 1377 301 1435 soico
323 1377 392 1434 uiro
415 1375 582 1452 repudzure
605 1396 749 1436 uxorem
774 1373 948 1438 Secunda:
983 1377 1100 1436 Utrum
1124 1379 1184 1435 im·

209 1483 351 1559 potentia
390 1481 521 1542 coeundi
561 1482 711 1559 impediat
750 1484 997 1542 matrimonium.
1037 1481 1182 1543 Tertia:

223 1587 339 1646 Utrum
361 1588 551 1646 adulterium
574 1607 643 1646 cum
668 1589 777 1665 aliquo
800 1590 921 1648 m'uente
944 1589 1058 1646 morito
1082 1589 1182 1665 impe-

214 1693 283 1753 diat
319 1695 555 1754 matrimonium
593 1713 663 1753 cum
701 1695 806 1754 eodem
840 1701 913 1771 post
949 1699 1079 1753 mortem
1114 1714 1182 1753 mo-

208 1801 275 1858 riti
294 1801 354 1860 sui.

579 2011 762 2092 Quorsum
785 2010 811 2072 1.

327 2156 384 2215 Ao
396 2157 540 2233 primam
567 2155 776 2229 Quoestionem
799 2156 844 2215 sic
860 2155 1067 2231 proceditur:

305 2295 453 2358 Videtur
490 2298 582 2377 quod
621 2298 753 2360 licitum
788 2296 853 2359 fuit
887 2298 962 2357 viro
997 2297 1178 2376 repudiare

173 2414 178 2423 “
215 2422 358 2465 uxorem
394 2424 490 2465 suam
526 2406 561 2465 in
596 2405 676 2485 lege
710 2405 870 2474 mosaica,
905 2406 988 2484 quia
1024 2404 1060 2465 in
1099 2404 1178 2485 lege

215 2509 318 2571 Deut.
346 2528 418 2587 24.:
444 2511 472 2571 si
498 2511 667 2591 acceperit
690 2512 792 2572 homo
816 2529 968 2580 uxorem,
985 2521 1019 2570 et
1037 2529 1105 2571 non
1128 2511 1178 2571 in·

215 2618 348 2677 venerit
372 2618 518 2697 gratiam
546 2626 625 2678 ante
652 2618 770 2678 oculos
786 2617 859 2696 ejus
871 2625 1011 2696 propter
1026 2616 1177 2695 aliquam

214 2719 416 2791 foeditatem,
441 2723 567 2783 scribat
591 2724 621 2783 ei
658 2721 811 2783 libellum
846 2721 978 2801 repudii
1013 2730 1049 2782 et
1082 2721 1179 2783 dabit

215 2828 252 2888 in
275 2846 377 2888 manu
401 2828 474 2907 ejus
498 2838 532 2888 et
555 2828 705 2889 dimittet
728 2848 802 2890 eam
827 2830 861 2888 in
885 2828 987 2888 domo
1011 2846 1084 2889 sua.

310 2933 433 2994 Contra.
470 2932 655 3013 Nunquam
691 2934 788 2995 licuit
824 2933 957 2995 mulieri
996 2933 1177 3013 repudiare

215 3040 349 3111 virum;
374 3042 482 3121 igitur
516 3059 578 3102 nec
613 3060 631 3101 e
666 3059 842 3101 converso.
878 3039 1041 3101 Probatio
1076 3060 1177 3099 conse-

206 3148 358 3224 quentin,
386 3148 468 3226 quia
491 3149 545 3208 vir
568 3159 601 3208 et
625 3146 748 3208 mulier
771 3156 936 3227 quantum
966 3147 1009 3208 ad
1032 3166 1074 3207 ea
1096 3164 1176 3226 quae

215 3264 297 3314 sunt
320 3254 470 3334 conjugii
495 3272 595 3333 pares
615 3254 820 3333 judicantur.

306 3358 367 3419 AD
392 3372 630 3420 Evmuu'rmu
656 3372 774 3436 umus
798 3356 1044 3438 Quffisuouis
1079 3376 1175 3437 opor-

207 3474 265 3525 ·tet
289 3466 418 3546 aliquid
442 3466 483 3526 de
508 3466 614 3526 libelli
639 3466 773 3545 repudii
801 3462 1005 3526 formatione
1027 3466 1175 3545 praemit·

208 3581 287 3632 :tere
310 3582 344 3633 et
367 3582 616 3651 consequenter
640 3570 832 3652 Quaestioni
856 3569 1071 3650 respondere.
1086 3571 1176 3631 Prae·
