2600 4200
222 237 280 294 104
432 215 507 278 Lm.
532 215 584 277 IV
610 216 916 280 Ssursurmuun

191 398 377 475 supponit;
403 415 470 457 non
495 407 608 457 autem
633 405 747 476 potest
771 414 964 477 supponere
976 415 1038 476 pro
1055 416 1153 476 pane,
1175 387 1191 407 “

193 521 255 563 nec
279 521 341 582 pro
366 504 598 564 accidentibus
622 504 732 584 panis,
746 522 808 564 nec
824 523 887 583 pro
904 502 1019 583 aliquo
1043 503 1110 564 alio
1135 525 1156 564 a

192 607 344 689 Corpore
367 607 509 683 Christi;
527 629 612 691 ergo
629 611 793 691 supponit
815 629 878 690 pro
894 607 1044 690 Corpore
1061 608 1155 672 Chri-

191 717 248 786 sti,
273 725 307 776 et
331 718 466 778 nonnisi
492 718 526 777 in
551 716 673 778 ultimo
697 718 837 778 instanti
862 716 1074 797 prolationis.
1211 709 1214 712 ⁴

287 823 400 882 Contra
429 825 519 883 z'stam
554 825 730 901 opznt'onem
766 824 923 905 arguitur
956 825 1026 884 sie:
1063 822 1154 884 Illud

193 947 316 991 nomen
341 930 433 1011 quod
468 950 535 991 non
571 939 682 991 mutat
716 949 815 991 suum
851 927 1082 1011 significatum
1118 933 1152 991 in

191 1037 427 1116 propositione
450 1038 525 1098 sive
549 1038 583 1097 in
619 1037 783 1106 oratione,
820 1055 888 1097 non
922 1035 1025 1097 habet
1060 1036 1154 1097 aliud

192 1141 435 1224 significatum,
460 1153 498 1205 ut
533 1145 567 1204 in
603 1144 757 1205 oratione
791 1144 951 1224 positum,
979 1161 1080 1223 quam
1115 1153 1153 1204 ut
1217 1173 1229 1190 ·

189 1259 292 1310 extra
314 1251 501 1311 orationem
526 1269 587 1331 per
611 1269 648 1310 se
672 1259 856 1330 sumptum.
874 1247 911 1310 Si
936 1251 1027 1310 enim
1050 1249 1154 1311 habet

190 1355 285 1416 aliud
309 1355 539 1437 significatum
564 1358 598 1416 in
623 1357 777 1418 oratione
800 1375 903 1437 quam
934 1355 1059 1417 habeat
1091 1375 1153 1436 per

188 1481 238 1532 se,
264 1481 348 1543 ergo
372 1472 481 1524 mutat
508 1461 741 1544 significatum
776 1482 876 1524 suum
912 1464 946 1524 in
981 1465 1149 1532 oratione:

188 1569 251 1629 sed
275 1588 398 1630 nomen
423 1570 672 1650 quodcumque,
697 1571 846 1631 maxime
863 1570 1058 1637 univocum,
1084 1589 1151 1630 non

190 1685 300 1737 mutat
336 1677 369 1736 in
404 1678 557 1738 oratione
592 1695 691 1737 suum
721 1675 964 1757 significatum,
989 1677 1151 1755 quoniam

188 1783 221 1844 si
244 1792 400 1852 mutaret,
414 1802 489 1844 cum
515 1784 603 1843 idem
629 1801 753 1844 nomen
778 1792 895 1863 posset
918 1785 999 1864 poni
1026 1784 1059 1843 in
1081 1781 1153 1844 infi-

189 1890 273 1950 nitis
293 1890 514 1958 orationibus,
539 1899 572 1950 et
596 1909 658 1969 per
680 1908 894 1970 consequens
918 1889 1003 1950 illud
1029 1909 1151 1951 nomen

188 2006 338 2058 mutaret
362 1995 494 2058 infinita
517 1995 721 2078 significata,
739 2006 773 2057 et
797 1998 845 2057 ita
866 1995 961 2057 nulla
977 2005 1067 2058 esset
1084 2015 1153 2057 cer·

189 2104 301 2165 titudo
332 2105 374 2165 de
409 2102 661 2197 significatione
696 2106 770 2165 sive
809 2104 851 2164 de
876 2103 1070 2185 significato
1094 2104 1152 2165 ali-

187 2211 287 2291 cujus
311 2213 479 2284 nominis;
513 2229 597 2291 ergo
632 2210 860 2290 quodcunque
894 2229 1019 2271 nomen
1050 2211 1151 2271 debet

189 2317 280 2379 idem
305 2316 499 2399 significare
523 2327 557 2379 et
580 2318 670 2378 idem
698 2315 930 2398 significatum
966 2317 1091 2378 habere
1115 2319 1150 2379 in

189 2425 353 2495 oratione,
379 2424 470 2505 quod
494 2425 597 2485 habet
620 2424 807 2485 secundum
825 2442 862 2484 se
878 2432 1062 2503 sumptum.
1081 2421 1150 2484 Sed

189 2531 283 2592 istud
306 2550 493 2611 pronomen
518 2532 571 2590 froc
596 2549 699 2610 super
723 2529 912 2591 accidentia
935 2532 1035 2610 panis
1056 2531 1151 2591 abso-

188 2638 261 2699 lute
285 2640 397 2718 positu
422 2656 488 2699 non
521 2634 697 2719 significat
718 2636 851 2715 Corpus
875 2635 1017 2709 Christi;
1043 2638 1150 2718 igitur

190 2764 252 2806 neo
276 2744 445 2824 prolatum
471 2745 510 2831 in
530 2744 693 2805 oratione.

282 2851 447 2929 Quidquid
466 2853 508 2910 sit
529 2850 571 2911 de
596 2852 757 2930 opinione
787 2850 842 2911 vol
879 2852 1148 2932 impugnatione,

187 2969 303 3038 potest
328 2958 425 3018 aliter
448 2958 513 3018 dici
548 2957 640 3037 quod
665 2957 724 3018 illa
758 2959 867 3018 oratio
902 2958 956 3017 hoc
989 2964 1035 3017 est
1065 2960 1148 3017 em'm

185 3072 299 3143 corpus
323 3085 434 3131 memu,
463 3075 516 3126 est
540 3084 621 3125 vera
644 3084 707 3144 pro
732 3064 852 3125 ultimo
877 3066 1016 3125 instanti
1042 3063 1151 3143 prola·

189 3172 337 3238 lationis,
363 3180 396 3231 et
421 3172 469 3231 sic
497 3170 556 3232 illa
590 3168 700 3231 forma
733 3172 999 3231 consecrationis
1034 3172 1150 3251 signat

186 3277 322 3357 Corpus
351 3276 477 3339 Christi
507 3298 569 3358 pro
605 3277 726 3338 ultimo
761 3278 900 3338 instanti
937 3278 1148 3357 prolationis.

188 3382 286 3445 Istud
310 3395 423 3445 autem
448 3394 541 3464 patet
565 3403 610 3445 ex
634 3385 743 3445 tribus
766 3384 1074 3463 propositionibus:

278 3492 391 3550 Prima
409 3493 580 3567 propositio
604 3501 656 3567 est
680 3491 772 3569 quod
797 3490 857 3550 illa
879 3492 989 3550 oratio
1006 3509 1075 3551 non
1099 3510 1151 3551 so-

186 3598 260 3657 lum
286 3608 337 3656 est
361 3599 513 3675 eorporis
538 3599 715 3663 indicativa,
744 3597 804 3657 sed
828 3598 929 3658 etiam
951 3598 1080 3657 virtute
1104 3597 1151 3656 di-
