2600 4200
233 254 297 296 200
461 234 537 295 Lm.
563 232 614 294 IV
640 232 947 296 Senrssnrrnnun

205 424 243 474 et
266 431 334 475 non
357 432 419 493 per
441 413 630 473 orationem
656 411 711 473 vel
745 400 1065 492 peregrinationem
1092 412 1171 472 sati-

204 518 347 581 sfacere.
372 520 513 579 Secundo
535 519 624 578 modo
647 538 715 580 non
732 528 847 599 potest
862 516 1171 600 peccatorsatisia·

204 645 285 687 cere
307 627 350 687 de
373 644 443 687 uno
466 634 606 705 peceato
631 627 666 686 in
689 622 904 687 confessione
928 624 995 685 alio
1034 633 1168 686 retento

205 734 275 794 nisi
299 732 364 793 hoc
387 742 479 793 esset
501 751 547 792 ex
569 732 754 793 oblivione.
781 732 884 791 Tertio
914 731 1010 799 modo,
1039 730 1170 792 scilicet

204 840 237 900 si
262 847 376 919 potest
399 835 595 900 satisfacere
619 840 694 899 sine
718 838 944 907 restitutione,
968 838 1010 899 de
1034 837 1099 899 hoc
1115 856 1171 918 pa·

205 945 295 1007 tebit
318 947 351 1006 in
377 944 455 1006 aliis
479 942 749 1025 Quaestionibus.

297 1049 343 1113 Et
366 1070 410 1113 ex
435 1051 536 1112 dictis
558 1060 653 1131 patet
670 1051 712 1111 ad
739 1056 961 1129 argumentum
981 1052 1169 1128 pn'ncipale.

564 1367 747 1449 QuAEsrro
772 1367 815 1430 11.

271 1552 274 1564 ¹
308 1531 365 1591 Ad
384 1531 549 1590 secundm
576 1530 785 1604 Quoestionem
810 1530 854 1589 sic
873 1528 1069 1607 procedintr:

298 1688 446 1751 Videtur
468 1689 560 1771 quod
583 1689 708 1770 aliquis
742 1690 852 1769 possit
887 1706 967 1749 vere
1001 1689 1171 1768 poenitere

204 1794 338 1876 absque
364 1796 429 1857 hoc
463 1796 555 1876 quod
594 1798 753 1857 restituat
790 1813 861 1856 rem
900 1814 1002 1876 quarn
1037 1795 1170 1857 detinet

207 1903 365 1971 alienam,
389 1904 471 1982 quia
494 1902 610 1963 nullus
633 1911 768 1964 tenetur
792 1902 834 1962 ad
856 1900 1082 1983 impossibile;
1108 1902 1169 1962 sed

206 2010 413 2090 quandoque
451 2020 504 2071 est
541 2009 756 2089 impossibile
794 2008 973 2070 restituere
1020 2008 1169 2070 alienum

207 2118 257 2179 ilii
282 2118 380 2198 cujus
403 2129 465 2186 ost.
490 2119 579 2178 sicut
607 2117 744 2196 quando
780 2118 930 2179 nescitur
963 2116 1060 2196 cujus
1094 2125 1169 2188 est;

203 2243 303 2304 ergo.

302 2331 426 2391 Contra.
441 2330 663 2411 Augustinus
687 2331 782 2391 dicit:
809 2349 876 2391 non
893 2331 1077 2391 remittitur
1093 2348 1171 2410 pec·

203 2446 311 2499 catun
335 2439 400 2498 nisi
426 2439 626 2498 restituatur
652 2437 813 2497 ablatum.

299 2542 342 2603 In
367 2555 451 2604 1srn
474 2555 702 2618 ouffisrronn
726 2551 805 2604 sunt
830 2543 898 2603 duo
921 2541 1078 2604 videnda.
1096 2542 1171 2602 Ρη·-

206 2670 267 2718 mo,
300 2650 437 2730 quando
472 2669 584 2710 rerum
619 2649 771 2710 dominia
805 2659 885 2710 sunt
919 2649 1089 2710 distincta.
1116 2648 1171 2708 Se·

200 2759 316 2824 cundo,
343 2756 533 2836 principale
555 2757 751 2835 quaesiturn.

303 2969 520 3048 Quantum
536 2969 592 3031 ud
604 2970 802 3047 prinmm
818 2968 894 3030 dico
922 2978 1068 3048 quatuor
1083 2967 1172 3030 Con-

201 3076 390 3138 clusiones.
412 3076 539 3143 Panto,
564 3077 663 3156 quod
697 3075 740 3136 de
774 3075 853 3157 iege
887 3084 1019 3137 naturae
1045 3077 1171 3136 *omnia

204 3190 289 3243 sunt
304 3184 508 3244 communia.
526 3183 679 3250 Secunda,
700 3181 791 3262 quod
807 3192 886 3262 post
904 3181 1037 3262 lapsum
1055 3183 1172 3243 omnia

208 3295 290 3349 sunt
324 3288 494 3349 distincta.
528 3291 642 3356 Tertzu,
672 3289 762 3369 quod
798 3288 858 3350 illa
891 3290 1065 3350 distinctio
1100 3307 1170 3350 non

201 3404 262 3455 est
285 3394 406 3476 alege
430 3404 562 3457 naturae
586 3395 642 3457 vel
677 3396 803 3457 divina.
832 3397 966 3470 Quarta,
994 3395 1086 3476 quod
1109 3395 1172 3456 illa

208 3501 384 3563 distinctio
408 3512 460 3563 est
483 3501 604 3583 alege
633 3505 784 3583 positiva
812 3505 938 3584 scripta
962 3523 1021 3566 seu
1046 3501 1126 3564 data
1150 3524 1172 3564 a

207 3616 306 3686 patre
331 3609 385 3668 vei
409 3610 572 3688 principe.
