2600 4200
217 188 276 261 176
439 183 513 246 Lm.
539 183 590 244 IV
616 183 921 246 Senarus-mauu

189 364 318 422 univoca
342 381 450 444 agens
474 371 526 423 est
550 361 695 443 aequalis
710 360 930 442 perfectionis
945 381 1023 425 cum
1040 359 1152 424 forma

188 470 363 548 producta,
389 469 423 530 in
447 471 580 530 actione
612 478 725 531 autem
759 471 915 547 oeqm'voca
950 488 1059 552 agens
1093 470 1150 531 vel

189 575 274 636 illud
298 596 366 655 quo
391 577 465 657 agit
489 595 597 656 agens
620 584 673 637 est
696 573 881 655 perfectius
905 577 1052 637 termino
1075 596 1151 656 pro-

190 683 302 743 ducto
936 724 939 732 ,

280 790 441 864 Quantum
466 792 567 867 t'gt'lur
587 791 632 850 ad
652 791 742 850 illum
767 791 947 850 Articulum
963 790 1040 851 dico
1056 790 1149 869 quod

188 897 304 976 agenti
329 905 442 956 creato
465 904 579 974 potest
603 897 692 956 actio
716 896 987 958 instrumentalis
1017 913 1150 976 compe-

186 1012 258 1063 tere
282 1012 438 1082 respectu
463 1004 564 1064 istius
587 1003 832 1064 conversionis.
858 1000 929 1064 Sed
951 1013 1005 1064 est
1031 1012 1150 1064 notan·

187 1109 267 1169 dum
292 1109 384 1188 quod
406 1107 643 1190 multipliciter
666 1109 929 1170 instrumentum
954 1118 1069 1190 potest
1100 1111 1150 1170 in-

186 1215 312 1297 telligi;
338 1213 398 1276 sed
422 1216 465 1277 ad
499 1217 725 1296 propositum,
761 1234 870 1298 agens
903 1216 1146 1297 dispositivum

186 1321 310 1384 dicitur
334 1324 608 1391 instrumentum,
633 1323 740 1383 etsie
764 1323 919 1384 minister
942 1322 1072 1387 habens
1096 1342 1149 1384 ac·

184 1430 313 1490 tionem
338 1430 509 1509 propriam
534 1426 718 1489 humanam
742 1429 908 1508 praeviam
943 1430 1069 1491 actioni
1100 1429 1149 1491 di·

185 1536 288 1606 vinae,
313 1546 488 1615 tamquam
512 1536 773 1615 dispositionem
808 1539 1045 1606 necessariam,
1077 1556 1147 1598 non

186 1642 407 1722 simpliciter,
422 1642 482 1704 sed
499 1661 562 1707 en·⁴
574 1642 733 1721 pactione
745 1640 1146 1714 -divinacumEcclesia,

186 1749 278 1827 quod
301 1748 344 1809 ad
367 1748 469 1810 talem
494 1758 607 1812 actum
630 1749 778 1810 ministri
795 1747 898 1811 faciet
913 1749 1016 1811 talem
1032 1760 1146 1812 aetum

186 1854 250 1914 sibi
275 1856 460 1935 proprium,
485 1864 519 1916 et
543 1855 591 1916 sic
626 1855 751 1916 dicitur
784 1856 1048 1918 instrumentum
1080 1855 1146 1918 Dei

186 1963 220 2022 in
245 1961 311 2021 ista
334 1962 566 2024 conversione.

274 2122 336 2183 Ao
360 2135 633 2183 nunniteuruu
658 2126 691 2182 in
715 2126 909 2184 contrarium
943 2123 1021 2185 dico
1051 2124 1147 2205 quod

185 2230 219 2290 in
245 2230 311 2289 ista
333 2230 557 2291 conversione
581 2249 648 2290 non
673 2239 726 2291 est
749 2230 839 2291 actio
854 2230 897 2291 de
913 2248 1041 2312 genere
1053 2234 1147 2290 actio-

185 2339 244 2403 nis,
273 2336 333 2396 sed
356 2335 398 2397 de
422 2354 549 2417 genere
573 2339 741 2404 relutzbm's,
770 2338 859 2398 sicut
889 2338 932 2399 de
962 2338 1145 2399 creatione

185 2441 253 2503 Vel
276 2442 456 2503 dicendum
481 2425 648 2522 estquod
672 2453 725 2504 est
749 2462 867 2505 verum
892 2443 934 2505 de
950 2452 1075 2525 agente
1090 2462 1148 2505 cu·

180 2550 237 2629 jus
261 2550 350 2609 actio
373 2542 483 2609 estin
507 2559 670 2628 tempore.

540 2777 722 2857 QUAEsrto
747 2777 791 2840 ΙΙ.

274 2903 329 2963 Ad
348 2904 514 2963 secundam.
541 2903 750 2977 Quoestzbnem
773 2905 818 2963 sic
843 2906 1047 2981 proceditur:
1144 2974 1147 2979 ¹

272 3043 419 3106 Videtur
444 3044 535 3125 quod
560 3064 627 3105 non
652 3046 797 3125 quilibet
831 3043 1006 3112 Sacerdos.
1032 3049 1147 3127 possit

182 3150 433 3213 Eucharistiam
457 3149 632 3221 conficere,
658 3170 719 3231 per
735 3152 820 3213 illud
832 3152 1058 3213 illulucln'ua..¹
1076 3172 1147 3215 ma·

182 3259 324 3319 ledicam
349 3257 644 3319 benedictionibus
668 3261 807 3321 vestris:
839 3269 873 3321 et
896 3260 1081 3339 exponitur
1100 3262 1145 3323 de

181 3364 282 3425 malis
305 3364 552 3435 sacerdotibus;
578 3383 663 3447 ergo
686 3367 852 3446 quidquid
868 3367 920 3428 ab
942 3367 1145 3429 eisbenedi·

180 3474 278 3541 citur,
305 3492 324 3533 a
348 3471 423 3533 Deo
447 3473 670 3541 maledicitur,
695 3483 729 3535 et
752 3492 814 3553 per
836 3492 1051 3554 consequens
1081 3494 1146 3555 per

181 3596 298 3639 corum
323 3580 548 3640 ministerium
574 3580 658 3639 nihil
682 3578 868 3642 conficitur.
