<?xml version="1.0" encoding="UTF-8"?>
<!DOCTYPE html PUBLIC "-//W3C//DTD XHTML 1.0 Transitional//EN"
    "http://www.w3.org/TR/xhtml1/DTD/xhtml1-transitional.dtd">
<html xmlns="http://www.w3.org/1999/xhtml" xml:lang="en" lang="en">
 <head>
  <title>
</title>
<meta http-equiv="Content-Type" content="text/html;charset=utf-8" />
  <meta name='ocr-system' content='tesseract 3.04.00' />
  <meta name='ocr-capabilities' content='ocr_page ocr_carea ocr_par ocr_line ocrx_word'/>
</head>
<body>
  <div class='ocr_page' id='page_1' title='image "./commentariainli02scotgoog_0649.png"; bbox 0 0 2600 4200; ppageno 0'>
   <div class='ocr_carea' id='block_1_1' title="bbox 312 228 1059 310">
    <p class='ocr_par' dir='ltr' id='par_1_1' title="bbox 312 228 1059 310">
     <span class='ocr_line' id='line_1_1' title="bbox 312 228 1059 310; baseline 0 -18"><span class='ocrx_word' id='word_1_1' title='bbox 312 230 502 294; x_wconf 80' lang='lat' dir='ltr'>Drsarucr.</span> <span class='ocrx_word' id='word_1_2' title='bbox 528 229 632 294; x_wconf 86' lang='lat' dir='ltr'>XLV</span> <span class='ocrx_word' id='word_1_3' title='bbox 661 228 814 310; x_wconf 68' lang='lat' dir='ltr'>Quasi.</span> <span class='ocrx_word' id='word_1_4' title='bbox 840 229 892 292; x_wconf 91' lang='lat' dir='ltr'>III</span> <span class='ocrx_word' id='word_1_5' title='bbox 1000 251 1059 310; x_wconf 83' lang='lat'>371</span> 
     </span>
    </p>
   </div>
   <div class='ocr_carea' id='block_1_2' title="bbox 120 408 1088 490">
    <p class='ocr_par' dir='ltr' id='par_1_2' title="bbox 120 408 1088 490">
     <span class='ocr_line' id='line_1_2' title="bbox 120 408 1088 490; baseline 0.003 -21"><span class='ocrx_word' id='word_1_6' title='bbox 120 408 256 490; x_wconf 85' lang='lat' dir='ltr'>legalis,</span> <span class='ocrx_word' id='word_1_7' title='bbox 281 411 362 488; x_wconf 91' lang='lat' dir='ltr'>quia</span> <span class='ocrx_word' id='word_1_8' title='bbox 385 409 443 472; x_wconf 92' lang='lat' dir='ltr'>ubi</span> <span class='ocrx_word' id='word_1_9' title='bbox 471 419 524 470; x_wconf 88' lang='lat' dir='ltr'>est</span> <span class='ocrx_word' id='word_1_10' title='bbox 558 410 687 471; x_wconf 83' lang='lat' dir='ltr'>veritas</span> <span class='ocrx_word' id='word_1_11' title='bbox 714 409 866 489; x_wconf 89' lang='lat' dir='ltr'>practica</span> <span class='ocrx_word' id='word_1_12' title='bbox 888 409 1088 489; x_wconf 84' lang='lat' dir='ltr'>praecedens</span> 
     </span>
    </p>
   </div>
   <div class='ocr_carea' id='block_1_3' title="bbox 120 514 1087 586">
    <p class='ocr_par' dir='ltr' id='par_1_3' title="bbox 120 514 1087 586">
     <span class='ocr_line' id='line_1_3' title="bbox 120 514 1087 586; baseline 0 -10"><span class='ocrx_word' id='word_1_13' title='bbox 120 534 257 576; x_wconf 88' lang='lat' dir='ltr'>omnem</span> <span class='ocrx_word' id='word_1_14' title='bbox 296 514 613 578; x_wconf 85' lang='lat' dir='ltr'><strong>determinationem</strong></span> <span class='ocrx_word' id='word_1_15' title='bbox 648 515 839 577; x_wconf 91' lang='lat' dir='ltr'>voluntatis</span> <span class='ocrx_word' id='word_1_16' title='bbox 874 515 1014 586; x_wconf 85' lang='lat' dir='ltr'>divinae,</span> <span class='ocrx_word' id='word_1_17' title='bbox 1039 515 1087 576; x_wconf 93' lang='lat' dir='ltr'>ibi</span> 
     </span>
    </p>
   </div>
   <div class='ocr_carea' id='block_1_4' title="bbox 118 621 1090 2086">
    <p class='ocr_par' dir='ltr' id='par_1_4' title="bbox 118 621 1090 2086">
     <span class='ocr_line' id='line_1_4' title="bbox 119 621 1088 705; baseline 0.003 -24"><span class='ocrx_word' id='word_1_18' title='bbox 119 629 176 682; x_wconf 87' lang='lat' dir='ltr'>est</span> <span class='ocrx_word' id='word_1_19' title='bbox 194 622 329 701; x_wconf 89' lang='lat' dir='ltr'>justitia</span> <span class='ocrx_word' id='word_1_20' title='bbox 352 621 497 705; x_wconf 79' lang='lat' dir='ltr'>legalis3</span> <span class='ocrx_word' id='word_1_21' title='bbox 522 622 583 684; x_wconf 89' lang='lat' dir='ltr'>sed</span> <span class='ocrx_word' id='word_1_22' title='bbox 607 623 642 683; x_wconf 92' lang='lat' dir='ltr'>in</span> <span class='ocrx_word' id='word_1_23' title='bbox 665 621 741 683; x_wconf 91' lang='lat' dir='ltr'>Deo</span> <span class='ocrx_word' id='word_1_24' title='bbox 757 632 811 683; x_wconf 88' lang='lat' dir='ltr'>est</span> <span class='ocrx_word' id='word_1_25' title='bbox 826 621 942 702; x_wconf 89' lang='lat' dir='ltr'>aliqua</span> <span class='ocrx_word' id='word_1_26' title='bbox 957 624 1088 684; x_wconf 87' lang='lat' dir='ltr'>veritas</span> 
     </span>
     <span class='ocr_line' id='line_1_5' title="bbox 119 728 1089 808; baseline 0.003 -21"><span class='ocrx_word' id='word_1_27' title='bbox 119 729 272 806; x_wconf 88' lang='lat' dir='ltr'>practica</span> <span class='ocrx_word' id='word_1_28' title='bbox 302 728 500 808; x_wconf 86' lang='lat' dir='ltr'>praecedens</span> <span class='ocrx_word' id='word_1_29' title='bbox 527 747 665 789; x_wconf 89' lang='lat' dir='ltr'>omnem</span> <span class='ocrx_word' id='word_1_30' title='bbox 689 729 1006 790; x_wconf 81' lang='lat' dir='ltr'>determinationem</span> <span class='ocrx_word' id='word_1_31' title='bbox 1031 748 1089 790; x_wconf 93' lang='lat' dir='ltr'>vo-</span> 
     </span>
     <span class='ocr_line' id='line_1_6' title="bbox 121 834 1085 916; baseline 0.002 -22"><span class='ocrx_word' id='word_1_32' title='bbox 121 834 265 895; x_wconf 87' lang='lat' dir='ltr'>luntatis</span> <span class='ocrx_word' id='word_1_33' title='bbox 288 835 378 898; x_wconf 91' lang='lat' dir='ltr'>sicut</span> <span class='ocrx_word' id='word_1_34' title='bbox 400 844 453 896; x_wconf 88' lang='lat' dir='ltr'>est</span> <span class='ocrx_word' id='word_1_35' title='bbox 476 835 563 898; x_wconf 86' lang='lat' dir='ltr'>ista:</span> <span class='ocrx_word' id='word_1_36' title='bbox 588 834 727 916; x_wconf 86' lang='lat' dir='ltr'>Diliges</span> <span class='ocrx_word' id='word_1_37' title='bbox 758 834 946 897; x_wconf 87' lang='lat' dir='ltr'>Dominum</span> <span class='ocrx_word' id='word_1_38' title='bbox 971 835 1085 897; x_wconf 91' lang='lat' dir='ltr'>Deum</span> 
     </span>
     <span class='ocr_line' id='line_1_7' title="bbox 118 941 1086 1024; baseline 0.001 -23"><span class='ocrx_word' id='word_1_39' title='bbox 118 949 239 1013; x_wconf 91' lang='lat' dir='ltr'>tuum;</span> <span class='ocrx_word' id='word_1_40' title='bbox 264 960 358 1024; x_wconf 85' lang='lat' dir='ltr'>ergo.</span> <span class='ocrx_word' id='word_1_41' title='bbox 384 976 426 986; x_wconf 88' lang='lat'>-</span> <span class='ocrx_word' id='word_1_42' title='bbox 453 941 584 1016; x_wconf 84' lang='lat' dir='ltr'>Quarta,</span> <span class='ocrx_word' id='word_1_43' title='bbox 613 941 706 1022; x_wconf 91' lang='lat' dir='ltr'>quod</span> <span class='ocrx_word' id='word_1_44' title='bbox 730 943 765 1004; x_wconf 90' lang='lat' dir='ltr'>in</span> <span class='ocrx_word' id='word_1_45' title='bbox 789 941 864 1003; x_wconf 91' lang='lat' dir='ltr'>Deo</span> <span class='ocrx_word' id='word_1_46' title='bbox 876 951 930 1004; x_wconf 91' lang='lat' dir='ltr'>est</span> <span class='ocrx_word' id='word_1_47' title='bbox 949 942 1086 1022; x_wconf 88' lang='lat' dir='ltr'>justitia</span> 
     </span>
     <span class='ocr_line' id='line_1_8' title="bbox 120 1046 1090 1129; baseline 0.002 -22"><span class='ocrx_word' id='word_1_48' title='bbox 120 1046 339 1126; x_wconf 85' lang='lat' dir='ltr'>particularis</span> <span class='ocrx_word' id='word_1_49' title='bbox 361 1048 405 1110; x_wconf 89' lang='lat' dir='ltr'>ad</span> <span class='ocrx_word' id='word_1_50' title='bbox 428 1067 465 1110; x_wconf 87' lang='lat' dir='ltr'>se</span> <span class='ocrx_word' id='word_1_51' title='bbox 489 1049 587 1129; x_wconf 83' lang='lat' dir='ltr'>quasi</span> <span class='ocrx_word' id='word_1_52' title='bbox 612 1047 656 1110; x_wconf 88' lang='lat' dir='ltr'>ad</span> <span class='ocrx_word' id='word_1_53' title='bbox 683 1047 838 1118; x_wconf 89' lang='lat' dir='ltr'>alterum,</span> <span class='ocrx_word' id='word_1_54' title='bbox 864 1049 945 1129; x_wconf 91' lang='lat' dir='ltr'>quia</span> <span class='ocrx_word' id='word_1_55' title='bbox 968 1048 1090 1109; x_wconf 92' lang='lat' dir='ltr'>volun·</span> 
     </span>
     <span class='ocr_line' id='line_1_9' title="bbox 121 1153 1089 1234; baseline 0.002 -21"><span class='ocrx_word' id='word_1_56' title='bbox 121 1161 176 1213; x_wconf 92' lang='lat' dir='ltr'>tas</span> <span class='ocrx_word' id='word_1_57' title='bbox 199 1172 262 1214; x_wconf 90' lang='lat' dir='ltr'>sua</span> <span class='ocrx_word' id='word_1_58' title='bbox 284 1153 530 1219; x_wconf 83' lang='lat' dir='ltr'>determinatur</span> <span class='ocrx_word' id='word_1_59' title='bbox 552 1173 614 1234; x_wconf 82' lang='lat' dir='ltr'>per</span> <span class='ocrx_word' id='word_1_60' title='bbox 636 1155 876 1216; x_wconf 89' lang='lat' dir='ltr'>rectitudinem</span> <span class='ocrx_word' id='word_1_61' title='bbox 905 1154 947 1215; x_wconf 91' lang='lat' dir='ltr'>ad</span> <span class='ocrx_word' id='word_1_62' title='bbox 971 1154 1089 1216; x_wconf 91' lang='lat' dir='ltr'>volen-</span> 
     </span>
     <span class='ocr_line' id='line_1_10' title="bbox 119 1259 1086 1342; baseline 0.001 -22"><span class='ocrx_word' id='word_1_63' title='bbox 119 1259 203 1321; x_wconf 89' lang='lat' dir='ltr'>dum</span> <span class='ocrx_word' id='word_1_64' title='bbox 226 1260 313 1321; x_wconf 92' lang='lat' dir='ltr'>illud</span> <span class='ocrx_word' id='word_1_65' title='bbox 336 1261 428 1342; x_wconf 90' lang='lat' dir='ltr'>quod</span> <span class='ocrx_word' id='word_1_66' title='bbox 463 1261 560 1323; x_wconf 88' lang='lat' dir='ltr'>decet</span> <span class='ocrx_word' id='word_1_67' title='bbox 594 1279 692 1323; x_wconf 91' lang='lat' dir='ltr'>suam</span> <span class='ocrx_word' id='word_1_68' title='bbox 714 1260 926 1330; x_wconf 88' lang='lat' dir='ltr'>bonitatem,</span> <span class='ocrx_word' id='word_1_69' title='bbox 951 1271 985 1322; x_wconf 90' lang='lat' dir='ltr'>et</span> <span class='ocrx_word' id='word_1_70' title='bbox 1020 1260 1086 1321; x_wconf 95' lang='lat' dir='ltr'>hoc</span> 
     </span>
     <span class='ocr_line' id='line_1_11' title="bbox 118 1365 1086 1448; baseline 0 -22"><span class='ocrx_word' id='word_1_71' title='bbox 118 1375 175 1427; x_wconf 87' lang='lat' dir='ltr'>est</span> <span class='ocrx_word' id='word_1_72' title='bbox 189 1367 336 1428; x_wconf 86' lang='lat' dir='ltr'>redditio</span> <span class='ocrx_word' id='word_1_73' title='bbox 352 1367 458 1430; x_wconf 91' lang='lat' dir='ltr'>debiti</span> <span class='ocrx_word' id='word_1_74' title='bbox 475 1367 540 1430; x_wconf 92' lang='lat' dir='ltr'>sibi</span> <span class='ocrx_word' id='word_1_75' title='bbox 557 1369 624 1448; x_wconf 90' lang='lat' dir='ltr'>ipsi</span> <span class='ocrx_word' id='word_1_76' title='bbox 645 1368 744 1446; x_wconf 82' lang='lat' dir='ltr'>quasi</span> <span class='ocrx_word' id='word_1_77' title='bbox 762 1365 869 1430; x_wconf 88' lang='lat' dir='ltr'>alteri.</span> <span class='ocrx_word' id='word_1_78' title='bbox 896 1403 938 1412; x_wconf 84' lang='lat'>-</span> <span class='ocrx_word' id='word_1_79' title='bbox 966 1367 1086 1442; x_wconf 83' lang='lat' dir='ltr'>Quinta</span> 
     </span>
     <span class='ocr_line' id='line_1_12' title="bbox 119 1471 1088 1554; baseline 0.002 -22"><span class='ocrx_word' id='word_1_80' title='bbox 119 1471 198 1534; x_wconf 92' lang='lat' dir='ltr'>dico</span> <span class='ocrx_word' id='word_1_81' title='bbox 221 1472 314 1552; x_wconf 94' lang='lat' dir='ltr'>quod</span> <span class='ocrx_word' id='word_1_82' title='bbox 333 1473 468 1554; x_wconf 89' lang='lat' dir='ltr'>justitia</span> <span class='ocrx_word' id='word_1_83' title='bbox 490 1474 736 1534; x_wconf 88' lang='lat' dir='ltr'>commutativa</span> <span class='ocrx_word' id='word_1_84' title='bbox 759 1473 795 1534; x_wconf 92' lang='lat' dir='ltr'>in</span> <span class='ocrx_word' id='word_1_85' title='bbox 807 1475 984 1553; x_wconf 90' lang='lat' dir='ltr'>proposito</span> <span class='ocrx_word' id='word_1_86' title='bbox 1011 1492 1088 1553; x_wconf 87' lang='lat' dir='ltr'>pro-</span> 
     </span>
     <span class='ocr_line' id='line_1_13' title="bbox 121 1579 1086 1662; baseline 0.001 -23"><span class='ocrx_word' id='word_1_87' title='bbox 121 1580 195 1658; x_wconf 91' lang='lat' dir='ltr'>prie</span> <span class='ocrx_word' id='word_1_88' title='bbox 218 1581 358 1659; x_wconf 85' lang='lat' dir='ltr'>respicit</span> <span class='ocrx_word' id='word_1_89' title='bbox 381 1581 416 1642; x_wconf 92' lang='lat' dir='ltr'>in</span> <span class='ocrx_word' id='word_1_90' title='bbox 433 1579 509 1644; x_wconf 89' lang='lat' dir='ltr'>Deo</span> <span class='ocrx_word' id='word_1_91' title='bbox 525 1581 738 1662; x_wconf 87' lang='lat' dir='ltr'>punitionem</span> <span class='ocrx_word' id='word_1_92' title='bbox 752 1589 786 1641; x_wconf 89' lang='lat' dir='ltr'>et</span> <span class='ocrx_word' id='word_1_93' title='bbox 801 1581 1086 1660; x_wconf 83' lang='lat' dir='ltr'>praemiationem,</span> 
     </span>
     <span class='ocr_line' id='line_1_14' title="bbox 121 1685 1086 1767; baseline 0.003 -22"><span class='ocrx_word' id='word_1_94' title='bbox 121 1695 161 1746; x_wconf 91' lang='lat' dir='ltr'>ut</span> <span class='ocrx_word' id='word_1_95' title='bbox 177 1685 307 1748; x_wconf 91' lang='lat' dir='ltr'>scilicet</span> <span class='ocrx_word' id='word_1_96' title='bbox 330 1705 393 1767; x_wconf 92' lang='lat' dir='ltr'>pro</span> <span class='ocrx_word' id='word_1_97' title='bbox 415 1687 547 1748; x_wconf 83' lang='lat' dir='ltr'>meritis</span> <span class='ocrx_word' id='word_1_98' title='bbox 570 1685 757 1748; x_wconf 90' lang='lat' dir='ltr'>reddantur</span> <span class='ocrx_word' id='word_1_99' title='bbox 779 1687 932 1766; x_wconf 84' lang='lat' dir='ltr'>praemia,</span> <span class='ocrx_word' id='word_1_100' title='bbox 957 1695 991 1746; x_wconf 91' lang='lat' dir='ltr'>et</span> <span class='ocrx_word' id='word_1_101' title='bbox 1022 1705 1086 1766; x_wconf 90' lang='lat' dir='ltr'>pro</span> 
     </span>
     <span class='ocr_line' id='line_1_15' title="bbox 121 1791 1083 1876; baseline 0.002 -24"><span class='ocrx_word' id='word_1_102' title='bbox 121 1794 272 1872; x_wconf 89' lang='lat' dir='ltr'>peccatis</span> <span class='ocrx_word' id='word_1_103' title='bbox 295 1792 473 1876; x_wconf 88' lang='lat' dir='ltr'>supplicia.</span> <span class='ocrx_word' id='word_1_104' title='bbox 497 1791 713 1859; x_wconf 65' lang='lat' dir='ltr'>Distributiva</span> <span class='ocrx_word' id='word_1_105' title='bbox 725 1811 808 1854; x_wconf 88' lang='lat' dir='ltr'>vero</span> <span class='ocrx_word' id='word_1_106' title='bbox 820 1793 960 1873; x_wconf 92' lang='lat' dir='ltr'>respicit</span> <span class='ocrx_word' id='word_1_107' title='bbox 983 1795 1083 1872; x_wconf 86' lang='lat' dir='ltr'>quasi</span> 
     </span>
     <span class='ocr_line' id='line_1_16' title="bbox 121 1897 1086 1982; baseline 0.005 -24"><span class='ocrx_word' id='word_1_108' title='bbox 121 1907 262 1960; x_wconf 89' lang='lat' dir='ltr'>naturas</span> <span class='ocrx_word' id='word_1_109' title='bbox 284 1908 319 1961; x_wconf 91' lang='lat' dir='ltr'>et</span> <span class='ocrx_word' id='word_1_110' title='bbox 341 1897 570 1982; x_wconf 82' lang='lat' dir='ltr'>perfectiones</span> <span class='ocrx_word' id='word_1_111' title='bbox 604 1899 853 1981; x_wconf 87' lang='lat' dir='ltr'>superadditas,</span> <span class='ocrx_word' id='word_1_112' title='bbox 878 1908 917 1961; x_wconf 95' lang='lat' dir='ltr'>ut</span> <span class='ocrx_word' id='word_1_113' title='bbox 951 1899 1086 1963; x_wconf 90' lang='lat' dir='ltr'>scilicet</span> 
     </span>
     <span class='ocr_line' id='line_1_17' title="bbox 121 2002 1085 2086; baseline 0 -20"><span class='ocrx_word' id='word_1_114' title='bbox 121 2014 254 2067; x_wconf 86' lang='lat' dir='ltr'>naturae</span> <span class='ocrx_word' id='word_1_115' title='bbox 278 2006 503 2068; x_wconf 84' lang='lat' dir='ltr'>distribuatur</span> <span class='ocrx_word' id='word_1_116' title='bbox 525 2002 690 2086; x_wconf 86' lang='lat' dir='ltr'>perfectio</span> <span class='ocrx_word' id='word_1_117' title='bbox 715 2005 781 2068; x_wconf 92' lang='lat' dir='ltr'>sibi</span> <span class='ocrx_word' id='word_1_118' title='bbox 804 2006 1085 2086; x_wconf 82' lang='lat' dir='ltr'>proportionata.</span> 
     </span>
    </p>
   </div>
   <div class='ocr_carea' id='block_1_5' title="bbox 117 2110 1201 2194">
    <p class='ocr_par' dir='ltr' id='par_1_5' title="bbox 117 2110 1201 2194">
     <span class='ocr_line' id='line_1_18' title="bbox 117 2110 1201 2194; baseline 0 -20"><span class='ocrx_word' id='word_1_119' title='bbox 117 2112 260 2191; x_wconf 86' lang='lat' dir='ltr'>Justitia</span> <span class='ocrx_word' id='word_1_120' title='bbox 276 2117 385 2191; x_wconf 76' lang='lat' dir='ltr'>primo</span> <span class='ocrx_word' id='word_1_121' title='bbox 407 2114 496 2174; x_wconf 81' lang='lat' dir='ltr'>mado</span> <span class='ocrx_word' id='word_1_122' title='bbox 519 2132 587 2175; x_wconf 90' lang='lat' dir='ltr'>non</span> <span class='ocrx_word' id='word_1_123' title='bbox 621 2122 737 2193; x_wconf 89' lang='lat' dir='ltr'>potest</span> <span class='ocrx_word' id='word_1_124' title='bbox 772 2113 974 2194; x_wconf 86' lang='lat' dir='ltr'>simpliciter</span> <span class='ocrx_word' id='word_1_125' title='bbox 1007 2132 1086 2175; x_wconf 89' lang='lat' dir='ltr'>esse</span> <span class='ocrx_word' id='word_1_126' title='bbox 1198 2110 1201 2118; x_wconf 85' lang='lat'>&#39;</span> 
     </span>
    </p>
   </div>
   <div class='ocr_carea' id='block_1_6' title="bbox 77 2218 1088 3045">
    <p class='ocr_par' dir='ltr' id='par_1_6' title="bbox 77 2218 1088 3045">
     <span class='ocr_line' id='line_1_19' title="bbox 121 2218 1087 2300; baseline 0.002 -21"><span class='ocrx_word' id='word_1_127' title='bbox 121 2219 158 2279; x_wconf 93' lang='lat' dir='ltr'>in</span> <span class='ocrx_word' id='word_1_128' title='bbox 181 2218 257 2280; x_wconf 90' lang='lat' dir='ltr'>Deo</span> <span class='ocrx_word' id='word_1_129' title='bbox 281 2230 438 2300; x_wconf 88' lang='lat' dir='ltr'>respectu</span> <span class='ocrx_word' id='word_1_130' title='bbox 460 2230 638 2289; x_wconf 78' lang='lat' dir='ltr'>creaturae,</span> <span class='ocrx_word' id='word_1_131' title='bbox 663 2221 745 2299; x_wconf 90' lang='lat' dir='ltr'>quia</span> <span class='ocrx_word' id='word_1_132' title='bbox 780 2240 848 2281; x_wconf 90' lang='lat' dir='ltr'>non</span> <span class='ocrx_word' id='word_1_133' title='bbox 871 2228 1087 2300; x_wconf 86' lang='lat' dir='ltr'>potestesse</span> 
     </span>
     <span class='ocr_line' id='line_1_20' title="bbox 121 2325 1088 2406; baseline 0.003 -21"><span class='ocrx_word' id='word_1_134' title='bbox 121 2325 331 2405; x_wconf 88' lang='lat' dir='ltr'>sempliciter</span> <span class='ocrx_word' id='word_1_135' title='bbox 354 2327 544 2406; x_wconf 78' lang='lat' dir='ltr'>aequalitas.</span> <span class='ocrx_word' id='word_1_136' title='bbox 570 2328 659 2389; x_wconf 90' lang='lat' dir='ltr'>sicut</span> <span class='ocrx_word' id='word_1_137' title='bbox 683 2345 745 2387; x_wconf 89' lang='lat' dir='ltr'>nec</span> <span class='ocrx_word' id='word_1_138' title='bbox 777 2326 905 2388; x_wconf 91' lang='lat' dir='ltr'>domini</span> <span class='ocrx_word' id='word_1_139' title='bbox 941 2327 984 2388; x_wconf 90' lang='lat' dir='ltr'>ad</span> <span class='ocrx_word' id='word_1_140' title='bbox 1019 2345 1088 2388; x_wconf 90' lang='lat' dir='ltr'>ser·</span> 
     </span>
     <span class='ocr_line' id='line_1_21' title="bbox 122 2430 1087 2514; baseline 0.001 -22"><span class='ocrx_word' id='word_1_141' title='bbox 122 2451 215 2502; x_wconf 87' lang='lat' dir='ltr'>vum,</span> <span class='ocrx_word' id='word_1_142' title='bbox 240 2442 278 2493; x_wconf 88' lang='lat' dir='ltr'>ut</span> <span class='ocrx_word' id='word_1_143' title='bbox 300 2434 510 2514; x_wconf 88' lang='lat' dir='ltr'>arguebatur</span> <span class='ocrx_word' id='word_1_144' title='bbox 536 2433 579 2494; x_wconf 87' lang='lat' dir='ltr'>ad</span> <span class='ocrx_word' id='word_1_145' title='bbox 613 2432 812 2513; x_wconf 86' lang='lat' dir='ltr'>principale.</span> <span class='ocrx_word' id='word_1_146' title='bbox 850 2430 919 2495; x_wconf 87' lang='lat' dir='ltr'>Sed</span> <span class='ocrx_word' id='word_1_147' title='bbox 950 2432 1087 2511; x_wconf 86' lang='lat' dir='ltr'>justitia</span> 
     </span>
     <span class='ocr_line' id='line_1_22' title="bbox 77 2538 1084 2621; baseline 0.001 -22"><span class='ocrx_word' id='word_1_148' title='bbox 77 2600 82 2608; x_wconf 76' lang='grc'>,</span> <span class='ocrx_word' id='word_1_149' title='bbox 120 2539 272 2599; x_wconf 90' lang='lat' dir='ltr'>secundo</span> <span class='ocrx_word' id='word_1_150' title='bbox 295 2539 397 2600; x_wconf 94' lang='lat' dir='ltr'>modo</span> <span class='ocrx_word' id='word_1_151' title='bbox 422 2548 559 2621; x_wconf 89' lang='lat' dir='ltr'>sumpta</span> <span class='ocrx_word' id='word_1_152' title='bbox 582 2548 696 2619; x_wconf 86' lang='lat' dir='ltr'>potest</span> <span class='ocrx_word' id='word_1_153' title='bbox 711 2539 768 2600; x_wconf 91' lang='lat' dir='ltr'>hic</span> <span class='ocrx_word' id='word_1_154' title='bbox 784 2538 986 2619; x_wconf 91' lang='lat' dir='ltr'>simpliciter</span> <span class='ocrx_word' id='word_1_155' title='bbox 998 2557 1084 2607; x_wconf 88' lang='lat' dir='ltr'>esse,</span> 
     </span>
     <span class='ocr_line' id='line_1_23' title="bbox 120 2642 1086 2727; baseline 0.001 -21"><span class='ocrx_word' id='word_1_156' title='bbox 120 2645 203 2725; x_wconf 88' lang='lat' dir='ltr'>quia</span> <span class='ocrx_word' id='word_1_157' title='bbox 225 2645 427 2725; x_wconf 90' lang='lat' dir='ltr'>simpliciter</span> <span class='ocrx_word' id='word_1_158' title='bbox 449 2655 565 2727; x_wconf 91' lang='lat' dir='ltr'>potest</span> <span class='ocrx_word' id='word_1_159' title='bbox 587 2645 669 2706; x_wconf 87' lang='lat' dir='ltr'>dare</span> <span class='ocrx_word' id='word_1_160' title='bbox 700 2646 832 2707; x_wconf 86' lang='lat' dir='ltr'>naturis</span> <span class='ocrx_word' id='word_1_161' title='bbox 855 2642 1086 2725; x_wconf 83' lang='lat' dir='ltr'>perfectiones</span> 
     </span>
     <span class='ocr_line' id='line_1_24' title="bbox 121 2751 1086 2832; baseline 0 -21"><span class='ocrx_word' id='word_1_162' title='bbox 121 2752 255 2812; x_wconf 89' lang='lat' dir='ltr'>debitas</span> <span class='ocrx_word' id='word_1_163' title='bbox 283 2751 339 2813; x_wconf 91' lang='lat' dir='ltr'>vel</span> <span class='ocrx_word' id='word_1_164' title='bbox 373 2753 617 2814; x_wconf 86' lang='lat' dir='ltr'>convenientes</span> <span class='ocrx_word' id='word_1_165' title='bbox 648 2754 699 2813; x_wconf 90' lang='lat' dir='ltr'>eis</span> <span class='ocrx_word' id='word_1_166' title='bbox 734 2751 922 2812; x_wconf 88' lang='lat' dir='ltr'>secundum</span> <span class='ocrx_word' id='word_1_167' title='bbox 954 2751 1086 2832; x_wconf 86' lang='lat' dir='ltr'>gradus</span> 
     </span>
     <span class='ocr_line' id='line_1_25' title="bbox 122 2856 786 2939; baseline -0.002 -20"><span class='ocrx_word' id='word_1_168' title='bbox 122 2856 347 2939; x_wconf 86' lang='lat' dir='ltr'>perficientes.</span> <span class='ocrx_word' id='word_1_169' title='bbox 782 2858 786 2867; x_wconf 91' lang='lat'>&#39;</span> 
     </span>
     <span class='ocr_line' id='line_1_26' title="bbox 211 2964 1031 3045; baseline -0.004 -19"><span class='ocrx_word' id='word_1_170' title='bbox 211 2964 268 3027; x_wconf 87' lang='lat' dir='ltr'>Ex</span> <span class='ocrx_word' id='word_1_171' title='bbox 292 2966 393 3026; x_wconf 89' lang='lat' dir='ltr'>dictis</span> <span class='ocrx_word' id='word_1_172' title='bbox 416 2974 511 3045; x_wconf 87' lang='lat' dir='ltr'>patet</span> <span class='ocrx_word' id='word_1_173' title='bbox 534 2965 578 3025; x_wconf 90' lang='lat' dir='ltr'>ad</span> <span class='ocrx_word' id='word_1_174' title='bbox 600 2970 823 3042; x_wconf 80' lang='lat' dir='ltr'>argumentum</span> <span class='ocrx_word' id='word_1_175' title='bbox 841 2964 1031 3041; x_wconf 75' lang='lat' dir='ltr'>principale.</span> 
     </span>
    </p>
   </div>
   <div class='ocr_carea' id='block_1_7' title="bbox 468 3192 737 3274">
    <p class='ocr_par' dir='ltr' id='par_1_7' title="bbox 468 3192 737 3274">
     <span class='ocr_line' id='line_1_27' title="bbox 468 3192 737 3274; baseline -0.011 -18"><span class='ocrx_word' id='word_1_176' title='bbox 468 3192 651 3274; x_wconf 65' lang='lat' dir='ltr'>Quiesmo</span> <span class='ocrx_word' id='word_1_177' title='bbox 675 3192 737 3254; x_wconf 92' lang='grc' dir='ltr'>ΙΙΙ.</span> 
     </span>
    </p>
   </div>
   <div class='ocr_carea' id='block_1_8' title="bbox 233 3336 962 3413">
    <p class='ocr_par' dir='ltr' id='par_1_8' title="bbox 233 3336 962 3413">
     <span class='ocr_line' id='line_1_28' title="bbox 233 3336 962 3413; baseline -0.003 -17"><span class='ocrx_word' id='word_1_178' title='bbox 233 3338 289 3397; x_wconf 80' lang='lat' dir='ltr'>Aa</span> <span class='ocrx_word' id='word_1_179' title='bbox 309 3339 433 3396; x_wconf 79' lang='lat' dir='ltr'>tertiam</span> <span class='ocrx_word' id='word_1_180' title='bbox 460 3336 670 3411; x_wconf 72' lang='lat' dir='ltr'>Quaestionem</span> <span class='ocrx_word' id='word_1_181' title='bbox 693 3338 738 3395; x_wconf 85' lang='lat' dir='ltr'>sic</span> <span class='ocrx_word' id='word_1_182' title='bbox 755 3336 935 3413; x_wconf 75' lang='lat' dir='ltr'>proceditiir</span> <span class='ocrx_word' id='word_1_183' title='bbox 951 3358 962 3395; x_wconf 94' lang='lat'>.·</span> 
     </span>
    </p>
   </div>
   <div class='ocr_carea' id='block_1_9' title="bbox 120 3494 1087 3691">
    <p class='ocr_par' dir='ltr' id='par_1_9' title="bbox 120 3494 1087 3691">
     <span class='ocr_line' id='line_1_29' title="bbox 212 3494 1087 3577; baseline -0.002 -20"><span class='ocrx_word' id='word_1_184' title='bbox 212 3495 360 3558; x_wconf 91' lang='lat' dir='ltr'>Videtur</span> <span class='ocrx_word' id='word_1_185' title='bbox 383 3496 475 3577; x_wconf 91' lang='lat' dir='ltr'>quod</span> <span class='ocrx_word' id='word_1_186' title='bbox 499 3497 534 3557; x_wconf 90' lang='lat' dir='ltr'>in</span> <span class='ocrx_word' id='word_1_187' title='bbox 558 3496 634 3557; x_wconf 92' lang='lat' dir='ltr'>Deo</span> <span class='ocrx_word' id='word_1_188' title='bbox 670 3514 737 3556; x_wconf 92' lang='lat' dir='ltr'>non</span> <span class='ocrx_word' id='word_1_189' title='bbox 773 3496 818 3555; x_wconf 93' lang='lat' dir='ltr'>sit</span> <span class='ocrx_word' id='word_1_190' title='bbox 852 3494 1087 3557; x_wconf 86' lang='lat' dir='ltr'>misericordia</span> 
     </span>
     <span class='ocr_line' id='line_1_30' title="bbox 120 3600 1084 3691; baseline -0.004 -26"><span class='ocrx_word' id='word_1_191' title='bbox 120 3603 203 3683; x_wconf 92' lang='lat' dir='ltr'>quia</span> <span class='ocrx_word' id='word_1_192' title='bbox 222 3604 459 3675; x_wconf 57' lang='lat' dir='ltr'>,misericordia</span> <span class='ocrx_word' id='word_1_193' title='bbox 481 3612 535 3691; x_wconf 83' lang='lat' dir='ltr'>cst</span> <span class='ocrx_word' id='word_1_194' title='bbox 558 3603 752 3681; x_wconf 90' lang='lat' dir='ltr'>compassio</span> <span class='ocrx_word' id='word_1_195' title='bbox 776 3601 819 3662; x_wconf 89' lang='lat' dir='ltr'>de</span> <span class='ocrx_word' id='word_1_196' title='bbox 846 3600 937 3662; x_wconf 90' lang='lat' dir='ltr'>malo</span> <span class='ocrx_word' id='word_1_197' title='bbox 961 3600 1084 3671; x_wconf 86' lang='lat' dir='ltr'>alieno,</span> 
     </span>
    </p>
   </div>
   <div class='ocr_carea' id='block_1_10' title="bbox 0 0 1304 4200">
    <p class='ocr_par' dir='ltr' id='par_1_10' title="bbox 0 0 1304 4200">
     <span class='ocr_line' id='line_1_31' title="bbox 0 0 1304 4200; baseline 0 0"><span class='ocrx_word' id='word_1_198' title='bbox 0 0 1304 4200; x_wconf 95' lang='lat' dir='ltr'> </span> 
     </span>
    </p>
   </div>
  </div>
 </body>
</html>
