2600 4200
305 227 494 290 Drsrntcr.
520 225 661 289 XLVII
689 225 842 307 Qumsr.
867 226 920 288 ΙΙΙ
1013 231 1072 306 381

231 459 448 540 Quantum
486 459 543 522 ad
572 459 770 537 primum
794 459 921 520 diceret
945 457 1101 520 Philoso-

135 566 236 646 phus,
261 567 350 627 sicut
372 575 466 645 patet
489 584 551 647 per
574 584 652 626 eum
677 567 712 626 in
729 566 877 628 diversis
893 564 989 632 locis,
1006 566 1101 645 quod

136 683 252 734 motus
274 671 353 734 coeli
377 682 430 733 est
452 681 648 752 perpetuus.
674 671 721 732 Et
745 672 787 732 ad
815 672 879 733 hoc
914 682 996 733 sunt
1030 681 1101 732 tres

136 780 296 842 rationes.
322 778 435 839 Prima
458 777 538 840 talis
572 788 635 849 est,
670 789 709 840 ut
742 788 837 860 patet
860 797 908 839 12.
934 778 1073 856 Metapa.
1087 801 1100 839 .·

137 886 330 948 substantia
352 895 510 965 separata
532 904 601 947 non
624 894 740 967 potest
763 904 878 946 carere
913 903 975 946 suo
1009 883 1098 958 fine;

136 993 198 1054 sed
221 992 363 1054 ultimus
385 990 464 1053 finis
487 992 689 1053 substantiae
713 1001 879 1072 separatae
903 1002 957 1052 est
972 992 1007 1052 in
1023 1010 1100 1052 cau·

136 1099 245 1160 sando
267 1098 429 1161 lationem
453 1101 606 1179 corporis
637 1099 811 1170 coelestis;
836 1117 930 1180 erg0.
956 1099 1099 1159 Secunda

136 1208 219 1265 rata>
241 1205 321 1266 talis
344 1216 417 1266 est:
441 1206 671 1285 quodcunque
694 1223 898 1284 permanens
920 1214 954 1266 et
977 1205 1100 1284 sempi-

137 1320 271 1373 ternum
283 1312 326 1372 ad
338 1311 565 1392 quodcunque
577 1330 782 1391 permanens
794 1321 828 1372 et
840 1311 1097 1391 sempiternum,

136 1437 272 1498 semper
294 1427 328 1478 et
351 1420 543 1479 necessario
567 1418 670 1481 habet
693 1418 835 1478 eandem
852 1418 1097 1480 habitudinem.

137 1523 215 1586 Hoc
237 1525 411 1604 probatur,
435 1525 517 1604 quia
539 1524 705 1587 habitudo
730 1543 797 1586 non
822 1534 937 1605 potest
952 1544 1015 1604 pro
1039 1523 1098 1586 ali·

136 1650 206 1711 qua
227 1650 264 1692 re
280 1632 404 1693 variari
421 1632 488 1693 nisi
504 1650 549 1692 ex
565 1632 755 1692 variatione
772 1630 913 1693 alterius
930 1632 1075 1693 extremi
1089 1652 1097 1704 ;

136 1747 291 1799 extrema
313 1747 427 1798 autem
455 1747 535 1799 sunt
559 1739 768 1818 sempiterna
801 1748 836 1798 et
870 1736 1095 1799 invariabilia.

136 1841 207 1906 Sed
229 1844 459 1925 intelligentia
482 1863 626 1906 movens
650 1864 725 1906 earn
749 1853 802 1906 est
826 1845 985 1924 quaedam
1002 1844 1098 1905 subs·

136 1952 245 2012 tantia
267 1969 472 2031 permanens
495 1961 529 2012 et
552 1953 771 2032 sempiterna,
795 1961 830 2012 et
856 1951 982 2012 coelum
1007 1951 1099 2012 simi·

136 2058 234 2130 liter;
258 2077 343 2140 ergo
366 2058 430 2120 hoc
455 2059 700 2139 sempiternum
718 2058 820 2120 habet
837 2058 979 2120 eandem
1003 2056 1096 2119 habi·

135 2165 288 2227 tudinem
314 2166 356 2226 ad
379 2165 474 2226 aliud
496 2166 586 2226 sicut
601 2185 745 2227 movens
767 2166 809 2227 ad
825 2174 967 2235 motum,
985 2174 1019 2225 et
1035 2183 1097 2244 per

135 2290 349 2351 consequeus
382 2280 497 2333 motus
530 2281 584 2333 est
618 2271 841 2333 invariabilis.
874 2273 980 2333 Terlziz
1015 2274 1098 2331 ratz'o

136 2386 190 2438 est
211 2378 301 2447 talis,
325 2379 407 2457 quia
429 2379 596 2458 quidquid
612 2389 666 2440 est
683 2380 716 2439 in
734 2378 880 2447 entibus
902 2378 958 2439 vel
975 2385 1027 2439 est
1043 2394 1099 2438 ne·

136 2485 322 2545 cessarium
346 2486 381 2545 in
405 2485 560 2553 essendo.
586 2485 642 2545 vel
667 2495 704 2546 ut
728 2486 763 2546 in
786 2485 954 2564 pluribus,
980 2484 1035 2544 vel
1059 2492 1097 2544 ut

136 2592 172 2651 in
205 2591 434 2671 paucioribus,
469 2591 525 2651 vel
559 2600 598 2653 ut
631 2592 675 2651 ad
709 2591 928 2661 utrumlibet;
964 2591 1025 2651 sed
1060 2591 1096 2650 in

135 2696 225 2759 coelo
249 2697 334 2760 nihil
357 2706 410 2759 est
433 2697 477 2758 ad
499 2697 709 2766 utrumlibet,
735 2717 797 2758 nec
820 2707 858 2758 ut
893 2698 927 2758 in
962 2698 1099 2776 paucio-

135 2805 241 2874 ribus,
265 2806 347 2884 quia
369 2812 553 2883 utrumque
576 2813 668 2865 esset
699 2801 967 2883 imperfectionis
991 2813 1026 2864 et
1048 2822 1098 2864 re·

135 2921 307 2992 pugnaret
330 2911 389 2972 tali
424 2912 567 2991 corpori.
594 2909 666 2972 Nec
697 2910 827 2990 aliquid
850 2920 903 2971 est
928 2910 974 2971 ibi
999 2920 1037 2971 ut
1061 2910 1097 2970 in

135 3017 301 3096 pluribus,
326 3020 407 3098 quia
430 3028 511 3080 tunc
534 3017 740 3097 quandoque
753 3018 949 3097 oppositum
967 3016 1097 3077 contin·

136 3132 243 3205 geret,
268 3143 330 3185 nec
364 3134 403 3185 ut
432 3125 467 3185 in
494 3124 715 3204 paucioribus
749 3142 793 3184 ex
828 3124 946 3184 eadem
982 3142 1095 3184 causa.

135 3228 232 3312 Ergo
248 3231 416 3311 quidquid
432 3240 485 3291 est
502 3231 547 3292 ibi
565 3241 618 3291 est
634 3230 836 3310 simpliciter
855 3230 1095 3291 necessarium.

229 3425 289 3490 De
310 3427 487 3489 sectando
509 3424 703 3488 Artlcttlo
727 3424 845 3486 dicunt
868 3424 1022 3505 theologi
1039 3443 1098 3503 op

135 3532 296 3611 positum,
321 3551 383 3612 pro
407 3551 475 3612 quo
499 3532 673 3593 adducunt
697 3532 916 3592 auctoritates
940 3540 975 3591 et
997 3532 1097 3591 ratio-

135 3656 206 3699 nes
232 3637 433 3700 Auctoritas
457 3639 547 3698 enim
571 3647 624 3699 est
647 3639 742 3698 Isaioe
767 3642 836 3698 όο..·
857 3657 927 3719 1ηοη
951 3638 1016 3698 erit
1033 3638 1095 3700 tibi
