2600 4200
248 269 307 314 112
489 249 563 313 Lus.
589 251 634 312 Ill
660 249 956 315 Ssnrnnnnnvn

219 467 253 520 et
275 457 432 541 aspiciens
455 457 624 538 speculum
649 477 715 518 non
740 464 850 538 posset
873 439 931 518 nisi
948 456 1053 517 dicem
1066 455 1189 529 videre,

220 573 299 626 tunc
321 563 347 625 si
371 563 528 644 aspiciens
561 572 644 625 esset
679 583 779 644 agens
811 562 1040 635 voluntarium,
1077 570 1191 642 posset

220 670 329 732 videre
352 690 439 732 nunc
462 678 602 751 quatuor
626 689 713 731 nunc
741 669 886 751 quinque
921 669 1041 750 species
1071 689 1191 730 secun-

220 776 301 839 dum
319 777 520 838 voluntatem
538 796 645 852 suam;
663 775 708 838 sic
720 777 837 837 eodem
856 776 955 836 modo
971 775 1079 836 anima
1096 770 1191 837 Chri-

220 883 259 945 sti
275 904 318 945 ex
334 903 402 965 quo
418 903 484 944 non
500 891 608 964 potest
623 881 734 944 omnia
757 881 852 944 simul
870 902 986 963 capere
1009 902 1083 962 quae
1105 881 1136 942 V
1138 902 1191 943 er-

220 989 299 1051 bum
324 989 596 1070 exprimit,simul
621 997 728 1070 potest
752 999 862 1050 tamen
884 989 992 1050 videre
1015 1008 1101 1050 nunc
1125 987 1191 1050 ista

219 1117 306 1158 nunc
331 1097 392 1157 illa.
422 1094 542 1159 Contra
566 1097 663 1158 istam
687 1095 878 1176 opinionem,
910 1095 1050 1157 occurrit
1081 1115 1188 1156 unuin

218 1203 367 1275 dubium,
392 1204 469 1283 quia
492 1203 601 1264 anima
625 1201 744 1265 Christi
768 1201 799 1263 in
824 1222 882 1263 sua
905 1201 1090 1284 cognitione
1114 1221 1190 1263 rno-

218 1309 299 1370 dunr
324 1309 421 1371 habet
444 1309 633 1372 substantiae
667 1319 825 1390 separatas
857 1317 889 1370 et
923 1309 1046 1384 beatae5
1071 1308 1126 1370 sed
1154 1307 1188 1370 in

218 1415 321 1477 beatis
344 1435 409 1477 non
444 1425 493 1477 est
527 1415 686 1478 successio
717 1416 749 1478 in
784 1415 926 1490 actibus;
962 1436 1040 1497 ergo
1074 1414 1190 1478 anima

219 1521 336 1584 Christi
362 1505 427 1584 non
462 1523 621 1584 convertit
656 1541 698 1596 se,
724 1542 810 1584 nunc
845 1522 887 1582 ad
922 1522 990 1594 ista,
1028 1541 1113 1582 nunc
1142 1523 1188 1584 ad

217 1627 280 1692 illa.
321 1629 436 1691 Minor
474 1628 634 1711 probatur
673 1649 730 1710 per
769 1628 995 1710 Augustinum
1043 1645 1094 1710 15.
1134 1629 1186 1690 dc.

226 1735 344 1798 Trim't.
370 1756 435 1797 non
464 1745 568 1809 erunt,
596 1735 711 1816 inquit,
737 1734 893 1797 volubiles
910 1745 1028 1796 nostrae
1063 1735 1188 1815 cogita-

216 1842 322 1904 tiones
345 1843 387 1904 ab
410 1843 479 1904 aliis
502 1843 534 1905 in
558 1842 619 1904 alia
642 1851 756 1904 euntes
779 1850 811 1904 et
835 1843 1014 1911 redeuntes,
1035 1841 1092 1902 sed
1116 1861 1188 1903 orn·

218 1969 294 2010 nem
312 1948 478 2010 scientiam
494 1959 639 2011 nostram
661 1949 756 2010 unico
772 1948 890 2010 intuitu
908 1947 1099 2008 videbimus
1118 1947 1187 2010 Sed

217 2054 304 2117 istud
328 2055 466 2117 dubium
490 2075 555 2118 non
572 2055 661 2138 cogit
685 2055 761 2136 quia
784 2054 826 2117 ibi
851 2054 1058 2136 Augustinus
1083 2053 1188 2137 loqui·

216 2170 270 2223 tur
294 2182 359 2224 non
383 2162 535 2224 assertive
557 2162 614 2224 sed
638 2161 826 2233 dubitative,
840 2162 916 2242 quia
933 2160 1008 2221 dicit
1025 2160 1082 2222 ibi:
1102 2160 1188 2224 forte

217 2287 283 2329 non
308 2278 402 2329 erunt
425 2268 582 2331 volubiles
606 2277 725 2331 nostrae
749 2267 971 2349 cogitationes.

284 2480 345 2542 An
381 2494 524 2544 nnnlvn
563 2494 778 2545 Pninclonns
818 2458 992 2543 dicendum
1031 2482 1122 2561 quod
1158 2482 1184 2542 si

217 2586 323 2668 majus
347 2596 379 2648 et
404 2588 510 2650 minus
534 2608 599 2650 non
623 2597 700 2650 sunt
723 2588 868 2668 ejusdem
893 2586 1024 2649 rationis
1047 2596 1080 2648 et
1111 2608 1185 2669 pro—

216 2694 383 2775 portionis
407 2703 485 2756 tune
509 2714 575 2757 non
599 2704 729 2777 oportet
756 2694 845 2776 quod
869 2694 893 2755 si
918 2678 1039 2775 aliquid
1074 2702 1185 2775 potest

217 2798 322 2881 majus
345 2801 435 2881 quod
470 2808 578 2881 potest
612 2800 728 2863 minus,
756 2800 954 2881 Exemplum
991 2800 1088 2880 hujus
1123 2810 1184 2871 est,

215 2907 330 2968 oculus
353 2915 461 2987 potest
486 2906 596 2969 videre
630 2908 736 2968 lucem
760 2916 793 2969 et
826 2915 937 2969 tamen
973 2926 1038 2968 non
1074 2916 1185 2987 potest

214 3011 326 3073 videre
352 3013 541 3092 tenebram;
565 3012 610 3075 ita
633 3022 682 3075 est
706 3012 737 3074 in
762 3012 939 3098 proposito,
957 3012 1030 3075 licet
1044 3013 1185 3075 essentia

215 3118 257 3179 sit
281 3118 386 3199 majus
409 3138 509 3201 quam
526 3139 564 3181 ea
587 3140 662 3201 quae
688 3120 830 3181 relucent
854 3119 886 3181 in
902 3140 950 3193 ea,
966 3139 1081 3181 verum
1105 3119 1185 3200 quia

215 3223 369 3286 sehabet
391 3246 448 3306 per
473 3226 610 3287 modum
635 3224 740 3302 unius,
765 3235 797 3288 et
820 3246 858 3287 ea
882 3246 958 3307 quas
982 3226 1125 3287 relucent
1149 3226 1182 3288 in

214 3350 253 3392 ea
285 3352 351 3392 non
386 3332 430 3393 sic
453 3352 487 3394 se
511 3332 632 3394 habent
656 3353 713 3413 per
737 3333 874 3394 modurn
899 3332 1003 3408 unius,
1021 3330 1095 3394 ideo
1115 3352 1181 3395 non

214 3446 292 3499 sunt
316 3437 410 3499 unius
430 3439 657 3520 proportionis.

282 3543 340 3604 Ad
359 3545 534 3606 soomdum
562 3544 679 3606 dicitur
715 3545 805 3626 quod
829 3544 884 3627 qul
920 3545 1089 3627 cognoscit
1124 3564 1182 3625 pa-

214 3656 298 3709 trem
322 3650 490 3729 cognoscit
513 3648 616 3711 filium
640 3670 707 3713 non
731 3652 840 3713 solum
864 3652 941 3733 quia
972 3666 1048 3715 sunt
1077 3671 1182 3714 unum
