2600 4200
202 256 264 322 116
458 256 533 320 Lm.
556 257 603 320 111
627 257 921 322 Suu‘rnmmnuu

265 463 366 546 Alia
381 467 450 530 eal
463 445 623 547 ⁴opinio
639 461 772 536 Sonti,
792 461 835 525 ad
851 461 944 544 cujus
959 462 1159 525 evidentiam

198 571 396 654 praemittam
428 591 527 634 unam
540 570 790 644 distinctionem,
815 569 958 632 secundo
972 569 1046 632 dico
1070 590 1162 651 quae·

196 678 308 742 stionis
331 677 535 741 solutionem.
560 677 738 740 Distinctio
759 684 810 738 est
833 676 903 752 ista,
919 677 1009 758 quod
1033 677 1160 758 duplex

195 795 244 850 est
267 785 411 868 cognitio
437 785 558 847 scilicet
584 783 743 846 intm'tz'va
766 792 799 847 et
822 783 1022 846 abstractiva
1044 791 1078 845 et
1102 783 1157 846 ha·

197 893 275 955 bent
301 891 460 974 triplicem
495 889 718 953 differentiam.
743 889 943 970 Dz'fferentia
973 889 1087 970 prima
1111 900 1160 952 est

195 1000 285 1082 quod
312 997 472 1061 z'ntuitiva
506 997 639 1079 requirit
673 998 841 1078 objectum
877 996 968 1078 quod
1003 995 1044 1058 sit
1067 995 1099 1058 in
1125 1017 1159 1059 re

195 1116 298 1181 extra,
322 1117 355 1168 et
377 1106 418 1169 sit
452 1124 595 1187 praesens
629 1105 785 1187 potentiae
820 1105 852 1166 in
876 1103 1000 1166 ratione
1037 1123 1159 1184 praece-

195 1214 309 1276 dentis.
333 1211 544 1275 Abstractiva
578 1220 689 1274 autem
718 1212 781 1273 tale
815 1210 981 1292 objectum
1020 1229 1084 1272 non
1110 1231 1159 1271 re·

195 1320 294 1402 quirit
328 1318 516 1393 necessario,
541 1320 598 1381 sed
633 1317 750 1380 sufficit
785 1317 844 1379 sibi
880 1317 999 1378 habere
1036 1316 1159 1398 aliquid

195 1426 351 1509 supplens
374 1425 480 1487 vicem
504 1423 632 1506 objecti.

262 1531 412 1596 Secunda
436 1531 624 1613 differentia
640 1541 689 1596 est
706 1530 796 1613 quod
813 1529 972 1593 intuitiva
1001 1531 1093 1613 ponit
1110 1551 1158 1592 re-

195 1649 344 1723 spectum
375 1639 578 1720 attingentiae
613 1637 731 1720 objecti
756 1647 792 1699 ut
815 1637 943 1711 termini
968 1636 1157 1712 immediati,

195 1747 271 1830 quia
293 1767 337 1808 ex
360 1766 427 1827 quo
450 1745 621 1828 attingitur
645 1743 812 1826 objectum
836 1743 977 1807 existens
1001 1742 1032 1804 in
1054 1765 1087 1805 re
1102 1763 1159 1805 ex-

194 1864 254 1928 tra,
279 1863 315 1914 ut
337 1853 488 1924 existens
501 1857 546 1914 'et
570 1852 766 1926 immediate,
785 1851 893 1914 medio
916 1850 990 1912 dico
1014 1849 1158 1914 habente

195 1959 353 2022 rationem
384 1958 523 2032 termini,
547 1959 624 2040 quia
658 1959 740 2020 bene
763 1977 832 2020 esse
866 1965 974 2040 potest
1001 1955 1159 2020 *intuitiva

197 2086 273 2130 cum
299 2065 407 2128 medio
426 2064 575 2129 ‘habente
598 2064 756 2128 rationem
781 2084 842 2147 quo
865 2083 930 2126 non
954 2061 1047 2145 quod,
1073 2064 1156 2127 sicut

194 2182 284 2256 patet
307 2174 339 2235 in
363 2172 509 2255 potentia
531 2172 632 2235 visiva
654 2192 730 2252 quae
754 2169 947 2233 informatur
982 2171 1088 2253 specie
1110 2172 1157 2234 rei

193 2280 332 2354 visibilis,
357 2300 422 2343 non
446 2289 494 2343 est
517 2278 560 2343 ibi
587 2278 722 2341 actualis
755 2278 947 2361 attingentia
971 2277 1091 2359 objecti
1116 2288 1153 2343 ut

192 2386 322 2449 termini
345 2387 533 2454 immediati.
557 2386 767 2450 Abstractiva
791 2395 901 2447 autem
919 2385 1007 2447 hunc
1031 2404 1158 2466 respec-

191 2502 264 2555 tum
289 2493 395 2574 privat
417 2494 507 2577 quod
531 2493 647 2556 accidit
674 2493 734 2556 sibi
768 2492 857 2574 quod
880 2490 951 2573 ejus
986 2490 1154 2572 objectum

193 2599 312 2663 existat
335 2599 367 2662 in
393 2620 426 2661 re
449 2609 553 2665 extra.

266 2707 375 2770 Tertia
398 2707 586 2788 differentia
608 2716 657 2770 est
683 2706 774 2788 quod
809 2706 969 2769 intuitiua
992 2706 1085 2788 ponit
1108 2726 1155 2768 re·

192 2822 341 2895 spectum
366 2814 615 2876 mensurabilem
631 2812 673 2875 ad
696 2832 880 2875 mensuram
905 2813 1076 2875 actualem.
1093 2812 1158 2875 Ab·

191 2920 351 2984 stractiva
375 2929 486 2983 autem
502 2940 568 2983 non
589 2919 681 3002 ponit
704 2929 886 3002 respectum
910 2919 1070 2983 actualem
1097 2921 1156 2983 sed

190 3027 444 3109 aptitudiualem
461 3028 577 3100 solum,
591 3026 646 3108 qui
663 3027 795 3107 quidem
813 3035 976 3107 respectus
991 3035 1040 3089 est
1056 3026 1156 3090 etiam

192 3134 426 3208 mensurabilis,
451 3134 493 3196 ad
518 3153 703 3196 mensuram
728 3153 793 3195 non
810 3133 943 3195 actualis
967 3131 1023 3196 sed
1047 3135 1156 3203 solum

190 3240 414 3322 aptitudinalis
437 3240 514 3322 quia
544 3240 650 3303 nullus
686 3248 850 3321 respectus
885 3238 984 3303 habet
1019 3240 1092 3320 plus
1114 3240 1160 3302 de

192 3345 379 3408 actualitate
402 3366 502 3427 quam
526 3366 623 3409 suum
659 3345 931 3423 fundamentum
960 3346 1017 3408 sed
1040 3343 1156 3407 lunda-

192 3460 340 3515 mentum
366 3451 462 3533 hujus
486 3463 659 3534 respectus,
672 3454 754 3517 idest
778 3452 954 3534 objectum,
972 3472 1038 3515 non
1056 3451 1160 3515 habet

193 3578 263 3620 esse
284 3561 410 3622 actuale
434 3560 466 3621 in
491 3560 605 3622 notitia
627 3560 823 3622 abstractiva
847 3559 1046 3633 necessario;
1075 3579 1161 3641 ergo

191 3684 252 3725 nec
274 3664 326 3726 ille
350 3674 514 3747 respectus
537 3674 585 3728 est
607 3666 743 3729 actualis
766 3666 822 3730 sed
846 3666 1077 3750 aptitudinalis.
1171 3722 1182 3733 .
