2600 4200
217 251 279 314 24²
459 232 533 295 Lm.
558 233 603 297 ΙΙΙ
628 232 921 297 ΞΕΝΤΕΝτιΑκυΜ

193 439 335 503 secunda
358 438 479 513 tabula,
503 448 535 500 et
559 438 610 501 hic
646 439 765 502 modus
795 435 975 520 Augustini
1010 456 1161 499 commu-

194 546 275 609 niter
298 567 318 608 a
342 545 540 607 Doctoribus
564 554 701 607 tenetur.

268 757 494 845 Quantum
519 760 585 825 ad
602 758 783 825 tertium
811 757 1058 823 Articulum
1082 766 1162 817 sunt

194 866 269 928 duae
294 865 471 947 opiniones.
510 866 582 929 [lua
614 866 797 928 indistincte
820 865 898 927 dicit
933 864 1023 946 quod
1046 864 1162 925 omnia

196 982 360 1055 praecepta
375 973 531 1055 Decalogi
555 982 631 1035 sunt
643 973 685 1034 de
709 973 780 1054 lege
796 982 931 1051 naturae,
954 971 1032 1052 quia
1046 970 1160 1031 omnia

195 1080 270 1141 talia
284 1089 457 1160 praecepta,
471 1090 528 1141 ant
540 1089 616 1141 sunt
639 1080 722 1141 sicut
733 1079 887 1159 quaedam
901 1077 1057 1159 principia
1070 1096 1161 1157 prac-

195 1186 258 1247 tica
282 1195 359 1247 nota
384 1206 426 1247 ex
461 1186 615 1259 terminis,
640 1187 690 1247 vel
719 1186 801 1247 sicut
835 1178 1059 1247 conclusiones
1082 1204 1159 1265 quae

196 1292 373 1354 necessario
411 1302 589 1373 sequuntur
612 1312 655 1355 ex
690 1292 760 1364 illis,
784 1302 816 1355 et
852 1290 913 1354 hoc
936 1291 1014 1371 quia
1047 1290 1161 1352 omnia

196 1409 362 1481 praecepta
386 1409 444 1461 aut
479 1408 556 1461 sunt
581 1399 749 1479 imperatu,
773 1407 831 1460 aut
858 1397 1053 1479 proln'bita,·
1078 1418 1160 1478 prae-

196 1514 290 1585 cepta
314 1514 424 1566 autem
448 1526 523 1585 quae
548 1515 623 1567 sunt
646 1506 805 1586 imperata
829 1504 950 1567 habent
976 1504 1159 1566 bonitatem

197 1610 383 1683 formalem,¹
403 1621 566 1692 praecepta
580 1632 657 1675 vero
681 1612 843 1692 prohibita
861 1612 981 1673 habent
1005 1610 1037 1672 in
1053 1609 1162 1690 objec-

197 1717 236 1779 tis
262 1717 417 1778 malitiam
444 1717 622 1781 formalem.

263 1824 344 1885 Alia
367 1832 414 1885 cst
437 1825 544 1904 opinio
568 1846 643 1907 quae
668 1825 745 1887 dicit
769 1826 859 1905 quod
882 1825 1003 1906 aliquid
1026 1845 1095 1887 esse
1118 1825 1162 1885 de

197 1932 267 2011 lege
292 1940 417 1991 natutae
443 1941 548 2010 potest
573 1932 706 2013 intelligi
741 1932 921 2012 dupliciter.
946 1932 1024 1995 Uno
1059 1932 1162 1993 modo

197 2047 353 2118 tanquam
392 2038 548 2118 principia
573 2040 713 2119 practica
749 2048 826 2102 nota
856 2059 899 2099 ex
930 2038 1082 2110 terminis,
1109 2038 1160 2098 vel

196 2155 353 2225 tanquam
379 2145 602 2207 conclusiones
627 2148 805 2209 necessario
829 2157 999 2227 sequentes
1022 2167 1064 2207 ex
1087 2146 1160 2218 illis,

196 2263 228 2312 et
254 2251 324 2312 liaee
348 2251 500 2312 dicuntur
526 2253 723 2315 strictissime
746 2274 815 2315 esse
837 2255 878 2314 de
902 2255 973 2334 lege
985 2263 1110 2314 naturae
1126 2252 1161 2315 in

197 2357 315 2438 quibus
339 2377 403 2419 non
428 2358 516 2420 cadit
542 2359 747 2440 dispensatio
772 2361 848 2442 quia
883 2370 961 2422 tunc
985 2359 1074 2421 lieret
1096 2357 1162 2420 lici-

198 2473 268 2524 tnni
293 2463 370 2524 illud
396 2465 485 2544 quod
510 2465 550 2526 de
575 2476 690 2527 natura
714 2467 756 2528 rei
779 2476 812 2528 et
835 2486 878 2527 ex
901 2487 935 2528 se
968 2475 1051 2527 esset
1073 2465 1162 2527 illici·

197 2579 278 2632 tuni.
303 2605 347 2615 —
373 2570 450 2632 Alio
476 2573 576 2633 modo
612 2573 727 2634 dicitur
761 2574 882 2654 aliquid
917 2594 986 2635 esse
1015 2574 1057 2634 de
1087 2571 1162 2654 lege

198 2686 322 2736 naturae
347 2697 406 2756 pro
430 2698 469 2738 eo
493 2679 583 2758 quod
618 2689 693 2741 sunt
717 2701 860 2742 consona
883 2680 1057 2742 dictamine
1079 2679 1163 2761 legis

198 2791 332 2854 naturae,
358 2792 389 2844 et
415 2783 446 2845 in
470 2785 514 2846 eis
538 2786 624 2847 cadit
647 2787 852 2867 dispensatio,

266 2887 322 2949 Ad
349 2891 553 2970 propositum
579 2913 658 2974 ergo
682 2893 798 2955 dicitur
821 2894 911 2975 quod
935 2904 1098 2975 praecepta
1114 2903 1163 2955 ta-

198 2995 284 3055 bulae
311 2996 425 3076 primae
462 3009 537 3059 sunt
562 2999 602 3059 de
627 3000 698 3080 lege
733 3011 857 3061 naturae
882 3002 924 3062 ad
959 3002 1065 3063 minus
1092 3002 1163 3064 duo

199 3101 313 3182 primu,
350 3123 425 3183 quae
450 3114 525 3164 sunt
556 3106 717 3185 negativa,
742 3108 817 3187 quia
848 3108 889 3168 de
912 3108 1006 3169 tertio
1029 3117 1077 3168 est
1100 3107 1162 3168 du-

199 3208 289 3268 bium
314 3230 389 3270 cuni
414 3209 446 3271 in
471 3211 524 3271 illo
548 3211 587 3272 sit
622 3213 854 3292 dispensatum,
886 3214 963 3295 quia
985 3212 1164 3276 sanctifica·

200 3314 244 3374 tio
276 3315 400 3376 sabbati
437 3326 485 3378 est
519 3319 700 3379 seeundum
737 3319 834 3380 ritum
859 3320 1060 3406 ludaeorum,
1085 3341 1164 3402 quae

199 3422 380 3483 seeundum
406 3423 502 3483 ritum
529 3423 787 3487 Christianorum
814 3426 910 3514 hodie
933 3423 998 3488 no‘n
1022 3436 1166 3502 tenetur,

200 3527 276 3608 quia
300 3529 352 3590 illa
375 3527 586 3592 sanctificatio
618 3534 771 3593 translata
806 3542 855 3594 est
879 3533 910 3595 in
933 3534 1020 3596 diem
1047 3534 1169 3598 Domi-
