2600 4200
242 207 304 264 294
475 186 549 247 Lus.
575 185 626 247 IV
652 184 959 248 SENTEN'rmRUM

573 293 594 302 ..ν

306 362 348 424 Iu
367 377 451 424 rsTA
469 362 703 443 QuAEsrronu
719 372 799 424 sunt
811 365 875 425 tria
890 363 1050 432 videnda,
1068 364 1187 423 Primo

215 472 252 531 in
276 489 403 552 genere
426 471 455 531 si
481 470 682 550 simpliciter
705 470 847 530 reddere
870 470 1022 530 debitum
1047 481 1103 530 est
1127 489 1186 530 ne-

216 579 401 638 cessarium
436 579 575 658 petenti.
601 577 752 644 Secundo,
780 579 893 658 magis
927 579 962 638 in
997 578 1125 656 specie,
1150 578 1182 637 si

214 683 302 745 illud
326 692 378 744 est
402 685 630 745 necessarium
655 702 718 763 pro
741 685 833 744 omni
856 684 932 744 loco
955 693 989 745 et
1012 694 1181 764 tempore.

223 792 255 850 T
250 793 337 858 erizo,
367 791 394 850 si
420 799 516 852 actus
528 790 722 871 conjugalis
734 791 779 852 sit
791 809 927 870 semper
939 791 1013 850 sine
1025 801 1179 869 peccato.

311 1003 527 1082 Qndntnm
550 1001 607 1065 acl
624 1003 835 1082 primum,
851 1003 928 1064 dico
944 1003 1035 1084 quod
1052 1003 1181 1083 aliquis

215 1118 331 1189 potest
350 1110 442 1189 juste
466 1129 534 1170 non
558 1109 700 1170 reddere
723 1109 877 1172 debitum
901 1111 1030 1189 petenti
1054 1086 1090 1170 et
1112 1109 1180 1169 hoc

217 1215 406 1295 tripliciter.
432 1216 544 1275 Primo
567 1218 595 1276 si
632 1216 718 1277 alter
752 1217 939 1297 conjugum
974 1216 1090 1276 amisit
1122 1215 1180 1295 jus

215 1323 365 1402 petendi.
391 1323 530 1383 Secundo
554 1323 582 1383 si
607 1323 692 1384 alter
716 1322 900 1404 conjugum
914 1321 1102 1383 nonhabet
1122 1323 1181 1402 jus

217 1428 380 1490 reddendi
404 1448 466 1508 pro
491 1439 581 1489 tunc.
614 1430 718 1516 Tertio
742 1431 770 1490 si
788 1430 873 1490 alter
884 1430 1072 1510 conjugum
1096 1431 1181 1490 obli-

216 1546 321 1616 gatur
344 1536 387 1596 ad
404 1555 470 1596 non
487 1535 696 1596 reddendum
709 1536 861 1597 debitum
878 1537 1016 1596 vinculo
1034 1534 1179 1597 fortiori.

307 1643 454 1702 Primum
479 1652 572 1722 patet
596 1644 630 1703 in
656 1641 880 1704 fornicatione
896 1643 1070 1724 conjugis;
1096 1652 1180 1705 tunc

217 1751 307 1810 enim
334 1751 495 1811 innocens
508 1769 575 1810 non
593 1758 728 1810 tenetur
743 1750 883 1811 reddere
898 1750 1051 1811 debitum
1068 1750 1179 1830 lapso

217 1858 298 1934 quia
322 1855 441 1934 lapsus
464 1858 498 1916 in
523 1854 781 1916 fornicationem
806 1856 920 1916 amisit
950 1856 1008 1934 jus
1026 1857 1179 1935 petendi.

218 1959 256 2023 Si
282 1971 394 2022 autem
418 1973 561 2041 uterque
586 1963 704 2041 lapsus
728 1964 783 2030 sit,
820 1973 857 2023 ut
880 1971 975 2040 patet
1010 1963 1063 2021 De
1091 1964 1181 2022 adul-

217 2071 295 2128 terio
319 2075 349 2127 et
369 2075 476 2146 strqtro
499 2089 522 2129 c.
555 2071 632 2131 Tua.
658 2071 755 2149 paria
778 2068 902 2130 delicta
932 2077 1052 2131 mutua
1086 2088 1177 2130 com·

217 2177 422 2255 pensatione
443 2174 618 2237 tolluntur,

308 2282 484 2343 Secundum
520 2292 613 2362 patet
649 2282 786 2361 quando
825 2284 931 2362 aliqui
970 2281 1178 2344 contrahunt

217 2390 471 2450 matrimonium
496 2408 557 2469 per
581 2390 686 2450 verba
709 2388 752 2449 de
775 2391 938 2469 praesenti
962 2400 996 2449 et
1012 2399 1066 2450 est
1089 2392 1178 2451 inter

216 2515 278 2555 eos
306 2497 559 2557 matrimonium
595 2506 717 2564 ratum,
742 2506 776 2556 et
811 2505 924 2557 tamen
960 2495 1091 2558 licitum
1126 2505 1179 2557 est

218 2603 435 2682 postmodum
461 2603 594 2683 ingredi
620 2603 843 2683 religionem
868 2603 928 2664 sed
953 2605 981 2663 si
1005 2612 1179 2664 teneretur

217 2710 334 2770 statim
359 2710 499 2771 reddere
523 2710 675 2770 debitum
693 2719 865 2771 teneretur
880 2728 917 2771 se
934 2710 1075 2771 reddere
1086 2710 1180 2770 inha-

217 2816 322 2876 bilem
347 2816 389 2877 ad
413 2816 625 2897 religionem,
651 2816 743 2896 quod
767 2827 819 2876 est
842 2814 976 2877 falsum.

317 2924 347 2982 T
341 2926 454 2982 ertr'um
468 2932 572 3003 patet,
585 2924 678 3003 quod
691 2943 759 2984 non
776 2931 910 2983 tenetur
925 2922 1066 2983 reddere
1088 2921 1180 2983 debi-

218 3040 291 3090 tum
316 3031 444 3109 petenti
470 3032 499 3091 si
524 3029 722 3112 obbligatur
738 3030 781 3089 ad
797 3048 865 3089 non
881 3028 1089 3091 reddendum
1108 3031 1180 3089 vin·

218 3135 297 3197 culo
321 3134 462 3206 fortiori,
488 3146 607 3216 utpote
631 3138 660 3197 si
674 3136 759 3196 alter
774 3136 961 3216 conjugum
977 3132 1177 3205 infirmetur,

219 3253 254 3303 et
278 3243 423 3304 redditio
448 3243 553 3304 debiti
578 3253 701 3323 vergat
718 3244 752 3303 in
769 3242 1010 3303 detrimentum
1027 3242 1176 3321 propriae

219 3342 486 3421 incolumitatis'3
512 3359 647 3411 tenetur
670 3351 760 3410 enim
795 3350 908 3430 magis
935 3348 1081 3429 diligere
1104 3367 1180 3427 pro·

219 3458 328 3537 priam
353 3457 622 3517 incolumitatem
647 3476 749 3535 quam
774 3456 867 3518 istud
893 3455 1045 3516 debitum
1080 3454 1178 3515 alteri

219 3564 368 3645 conjugi.
394 3563 626 3625 Consimiliter
649 3562 780 3624 fortiori
805 3563 944 3624 vinculo
960 3571 1095 3623 tenetur
1109 3580 1179 3622 non
