2600 4200
177 421 281 500 signo
305 418 491 480 inhaerente
515 419 603 479 sicut
626 436 704 479 cum
732 418 835 498 signo
851 416 1057 488 inhaerente;
1075 417 1138 498 igi·
1174 415 1177 419 ’

175 535 233 587 tur
255 523 384 586 frustra
406 525 553 604 ponitur.
584 523 808 602 Consequentia
838 532 942 603 patet.
975 523 1137 585 Probatio

176 631 382 692 antecedenle's
393 653 405 690 .·
430 630 488 692 ille
505 631 562 710 qui
580 628 760 710 profitetur
776 631 811 690 in
828 629 943 710 aliqua
958 629 1135 710 religione,

175 747 256 818 post
279 735 526 819 professionem
550 736 725 818 obligatur
759 735 902 816 praelato
936 745 971 798 et
1002 745 1137 797 tenetur

177 845 242 906 sibi
267 842 481 912 conformari,
507 853 541 905 et
567 851 680 904 tamen
698 843 828 904 nullam
844 840 988 904 formam
1004 843 1135 922 recipit,

176 960 212 1012 et
235 951 392 1013 similiter
415 960 467 1012 est
491 951 533 1011 de
557 949 617 1010 illo
650 951 710 1030 qui
746 947 827 1010 iacit
862 949 961 1011 alicui
998 949 1137 1010 domino

176 1057 387 1139 homagium,

277 1165 379 1225 Tertio
396 1164 620 1241 principaliter
642 1163 713 1224 sic:
738 1161 834 1223 Deus
850 1181 918 1222 non
935 1162 994 1223 dat
1009 1163 1136 1224 donum

177 1291 277 1361 suurn
302 1272 403 1333 alicui
428 1272 606 1332 actualiter
628 1272 804 1351 peccanti;
830 1272 890 1332 sed
912 1268 1013 1331 fictus
1033 1271 1138 1344 susci-

176 1380 302 1460 piendo
327 1379 543 1459 Baptismum
573 1387 693 1458 peccat
722 1378 920 1447 mortaliter,
952 1378 1034 1457 quia
1055 1376 1136 1438 iacit

177 1486 433 1547 irreverentiam
458 1494 690 1555 sacramento;
715 1503 800 1565 ergo
823 1482 919 1544 Deus
947 1503 1014 1545 non
1031 1483 1090 1544 dat
1105 1485 1136 1544 ei

178 1592 264 1653 illud
280 1591 459 1672 spirituale
475 1592 601 1652 donum
614 1590 707 1671 quod
723 1600 761 1652 tu
777 1610 881 1652 vocas
896 1590 1135 1652 characterem.

267 1701 352 1758 Aine
367 1701 471 1776 opinio
494 1708 546 1760 est
569 1698 662 1778 quod
689 1699 778 1758 sicut
811 1717 880 1759 non
914 1705 1029 1778 potest
1062 1716 1138 1777 pro·

176 1805 250 1868 bari
274 1807 406 1866 ratione
430 1805 575 1866 naturali
601 1805 748 1886 gratiam
772 1805 827 1864 vel
844 1803 1044 1865 charitatem
1061 1822 1136 1865 esse

177 1913 213 1972 in
237 1913 360 1982 anima,
385 1921 419 1972 et
443 1921 556 1972 tamen
580 1912 741 1991 ponimus
764 1929 849 1980 eam,
875 1912 922 1971 ita
938 1930 1006 1972 non
1023 1919 1137 1990 potest

177 2019 313 2098 probari
338 2019 469 2078 ratione
492 2018 638 2078 naturali
666 2017 894 2078 characterem
907 2017 1055 2096 imprimi
1068 2018 1137 2078 ani·

177 2145 254 2195 mae‚
284 2135 318 2187 et
352 2136 465 2187 tamen
501 2134 635 2205 oportet
669 2144 796 2205 ponere
830 2144 908 2186 eum
943 2127 977 2187 in
1012 2126 1134 2185 anima.

179 2231 279 2312 Quod
303 2233 563 2294 auctoritatibus
586 2232 770 2312 probatur:

267 2340 379 2399 Primo
403 2340 604 2400 auctoritate
628 2338 788 2419 Dionysii
808 2345 873 2415 cap.
891 2357 919 2398 2.
937 2337 1137 2399 Hiernreiioe

178 2447 409 2507 Ecclesiastz'coe.
435 2445 529 2506 Dicit
552 2446 664 2506 enim:
689 2446 839 2506 venienti
861 2445 904 2505 ad
920 2444 1135 2524 Baptismum

178 2553 278 2614 datur
293 2573 314 2614 a
329 2572 463 2614 summo
480 2550 665 2614 Sacerdote
681 2550 892 2613 Sacramenti
908 2550 1134 2632 signaculum.

179 2658 249 2721 Sed
272 2661 475 2721 sacramenti
500 2658 717 2739 signaculum
741 2667 793 2719 est
816 2659 1000 2720 character.
1028 2656 1134 2738 Ergo

267 2767 416 2833 Secnndo,
444 2766 608 2845 probatur
638 2785 700 2845 per
734 2765 986 2825 Damascenum
1011 2765 1080 2825 Lib.
1104 2784 1134 2840 4.

178 2894 202 2933 c.
227 2892 255 2933 r.
281 2874 339 2952 qui
364 2873 447 2933 dicit
470 2873 562 2952 quod
585 2891 646 2951 per
670 2871 886 2951 Baptismum
911 2869 949 2932 fit
974 2871 1073 2933 nobis
1089 2891 1137 2931 re·

179 2980 357 3060 generatio
370 2987 404 3040 et
419 2978 583 3060 sigillum,
600 2998 662 3062 per
678 2978 832 3059 sigillum
848 2978 1047 3058 intelligens
1062 2977 1138 3038 cha·

174 3097 352 3149 racterem.

278 3194 388 3260 Tertio,
428 3194 629 3253 auctoritate
664 3191 856 3272 Augustini
884 3200 1003 3251 contra
1025 3190 1138 3250 Dona·

179 3300 280 3361 tistas
313 3299 384 3359 Lib.
410 3304 438 3359 6.
475 3300 511 3358 de
546 3300 715 3376 Bnpiz'smo.
751 3295 845 3360 Satis
878 3299 979 3366 enim,
1015 3298 1134 3376 inquit,

179 3406 290 3467 eluxit
313 3425 413 3467 ovem
438 3425 515 3485 quae
548 3403 632 3466 foris
667 3405 873 3465 dominicum
908 3403 1136 3464 characterem

181 3521 357 3592 acceperat
379 3514 573 3573 venientem
598 3511 797 3572 adsalutem
815 3511 857 3570 ab
874 3528 987 3571 errore
999 3511 1135 3589 corrigi,

179 3618 407 3679 characterem
432 3626 545 3679 tamen
569 3619 604 3677 in
629 3636 670 3678 ea
692 3618 898 3678 dominicum
924 3626 1135 3695 agnosceret.

1070 3754 1084 3793 6
