2600 4200
258 735 575 844 Distinctio
614 734 783 842 XLV
822 741 881 843 ct
918 735 1140 844 XLVI.

440 989 655 1066 Poaetecee
683 991 943 1069 sciendum...

303 1147 396 1207 Circa
419 1149 511 1208 istam
536 1148 620 1208 Dist.
644 1165 696 1225 45.
721 1154 752 1208 el
772 1154 824 1226 46.
849 1170 955 1227 qutero
989 1156 1053 1210 tres
1081 1150 1180 1224 Qua·-

209 1256 332 1315 stiones.
357 1253 492 1316 Prima:
524 1255 641 1316 Utrum
666 1255 778 1316 Sancti
791 1257 918 1316 videon!
931 1258 1088 1317 orationes
1105 1277 1176 1318 nos-

161 1408 164 1413 >
210 1368 277 1420 tras
298 1382 378 1440 quas
407 1363 453 1421 eis
475 1359 646 1438 inferimus.
680 1359 859 1424 Secunda:
890 1363 1006 1424 Utrum
1042 1366 1077 1423 in
1103 1365 1176 1425 Deo

208 1469 252 1527 sit
263 1470 404 1544 justitio.
429 1466 567 1529 Tertia:
599 1467 715 1528 Utrum
739 1470 774 1528 in
798 1469 921 1529 Deosit
942 1471 1173 1530 misericordia.

570 1695 753 1777 Quosne
782 1697 808 1759 Ι.

324 1841 380 1900 Ad
394 1841 536 1917 primm
562 1839 773 1914 Quaestionem
796 1843 839 1900 sic
856 1841 1056 1918 proceditur:

299 1999 447 2061 Videtur
469 2000 561 2080 quod
585 1996 703 2062 Sancti
731 2019 798 2061 non
823 1999 962 2061 videant
996 2001 1171 2062 orationes

210 2117 345 2169 nostras
369 2126 455 2187 quas
479 2108 529 2168 eis
545 2103 729 2177 offerimus,
748 2108 829 2188 quia
848 2107 943 2169 solus
961 2106 1058 2169 Deus
1075 2110 1174 2170 novit

208 2223 341 2276 secreta
363 2214 475 2275 cordis
506 2214 668 2286 humani;
705 2214 765 2275 sed
799 2214 908 2276 oratio
942 2224 995 2275 est
1030 2214 1172 2276 humani

208 2321 322 2382 cordis
346 2330 534 2392 secretum;
560 2340 655 2402 ergo,
680 2331 743 2382 etc.

303 2428 418 2487 Contra
441 2436 494 2488 est
517 2426 688 2507 Magister
711 2428 860 2487 inlitora
885 2428 943 2507 qui
967 2427 1091 2506 probat
1111 2446 1175 2508 per

209 2534 336 2596 multas
369 2535 519 2595 rationes
553 2533 645 2614 quod
680 2536 787 2595 sancti
823 2535 963 2595 videant
997 2536 1172 2597 orationes

210 2660 296 2721 quas
319 2642 369 2702 eis
393 2637 576 2702 offerimus,

299 2746 343 2807 IN
371 2760 456 2808 ISTA
491 2745 725 2827 QUAESTIONE
749 2756 896 2827 quatuor
919 2756 999 2808 sunt
1011 2748 1172 2809 videnda.

210 2852 330 2922 Primo,
359 2854 388 2914 si
413 2855 527 2916 anIma
542 2862 700 2934 separata
715 2854 826 2932 possit
842 2852 1043 2917 naturaliter
1058 2855 1175 2934 acqui-

209 2980 283 3021 rere
307 2962 538 3042 cognitionem
563 2960 707 3040 aiicujus
737 2962 833 3039 prius
868 2960 989 3041 ignoti.
1015 2961 1168 3029 Secundo,

210 3068 239 3127 si
268 3067 382 3127 anima
414 3066 514 3127 beata
548 3067 645 3127 novit
681 3066 852 3127 orationes
886 3075 1021 3141 nostras
1055 3068 1175 3147 cogni-

210 3174 302 3235 tione
337 3173 492 3235 naturali.
524 3174 637 3240 Tertio,
678 3174 707 3233 si
738 3172 937 3253 cognitione
970 3181 1175 3253 supernatu-

210 3279 282 3340 rali.
311 3279 441 3354 Quarto,
470 3281 499 3340 si
523 3288 772 3360 cognoscentes
796 3287 895 3339 orent
917 3298 979 3359 pro
1004 3278 1112 3339 nobis.

298 3475 362 3537 Do
383 3474 527 3553 primo
563 3473 681 3535 dicunt
715 3474 820 3554 aliqui
856 3471 947 3555 quod
983 3490 1062 3543 non,
1086 3474 1172 3553 quia

209 3600 278 3642 non
302 3590 355 3641 est
378 3582 543 3642 transitus
568 3580 609 3641 de
633 3591 787 3642 extremo
812 3582 846 3641 in
874 3589 1064 3641 extremum
1099 3580 1170 3641 nisi
