2600 4200
143 199 147 210 ·
227 201 244 258 3
250 185 289 258 38
459 179 532 242 Lm.
559 179 610 241 IV
635 177 942 242 Sunrsnrmnun

202 360 512 440 consanguinitatis
550 359 727 439 prohibuit
762 358 918 420 Ecclesia
951 370 1168 421 contractum

200 465 419 526 matrimonii.
446 465 526 524 Dico
550 465 642 544 quod
666 465 760 526 istud
782 463 847 525 fuit
881 465 1066 544 aliquando
1090 484 1173 544 pro-

202 570 347 632 hibitum
375 591 484 651 usque
518 571 561 632 ad
595 572 780 650 septimum
814 571 971 652 gradum,
996 579 1034 632 ut
1067 580 1170 650 patet

200 696 262 758 per
285 677 493 758 Magistrum
518 680 550 736 in
574 679 667 737 litera
678 700 693 745 ‚·
716 678 777 739 sed
800 679 864 738 sub
880 677 1082 738 Innocentio
1099 677 1165 738 III.

201 786 358 846 restricta
390 794 443 845 est
477 803 585 866 usque
617 785 661 844 ad
690 793 850 864 quartum
881 784 1026 866 gradum
1057 784 1168 845 inclu-

201 892 285 958 sive,
309 900 348 952 ut
371 900 465 972 patet
488 893 605 953 Extra.
630 891 683 952 De
704 893 982 969 consanguinitzte,
1003 897 1069 968 cap.
1089 891 1180 982 Non¹

200 997 292 1056 debet.

289 1193 351 1254 AD
375 1207 647 1256 ARGUMENTUM
680 1196 714 1252 in
747 1195 941 1252 contran'um
964 1192 1042 1254 dico
1064 1192 1160 1272 quod

200 1297 285 1359 illud
309 1297 373 1361 fuit
397 1303 624 1361 necessarium
649 1319 713 1380 pro
746 1301 914 1379 principio
938 1300 1076 1380 generis
1100 1299 1162 1360 hu-

199 1407 302 1474 mani,
328 1408 420 1486 quod
435 1416 630 1468 contractus
654 1405 750 1467 fieret
775 1408 808 1467 in
832 1406 943 1488 gradu
967 1407 1088 1485 primo,
1114 1415 1162 1466 ta·

199 1531 277 1573 men
302 1513 337 1574 in
361 1514 451 1574 linea
474 1511 706 1582 transversali,
731 1532 799 1574 non
824 1523 926 1572 recta.

548 1759 730 1840 Quffisrro
755 1759 817 1822 ΙΙΙ.

321 1903 376 1962 Ad
395 1905 518 1962 tertiam
547 1888 755 1977 Quaesttottem
779 1905 823 1962 sic
840 1903 1040 1980 proceditur:

288 2061 435 2124 Videtur
458 2063 549 2143 quod
573 2060 721 2124 affinitas
746 2081 813 2125 non
848 2061 1012 2142 impediat
1047 2064 1164 2123 matri·

198 2172 361 2241 monium,
386 2172 467 2250 quia
489 2168 630 2231 effectus
659 2190 727 2232 non
751 2180 922 2251 repugnat
945 2188 1019 2229 suae
1045 2188 1162 2230 causae

198 2276 259 2337 sed
290 2274 438 2337 affinitas
468 2286 521 2337 est
551 2274 692 2337 effectus
727 2278 948 2346 matrimonii;
978 2294 1064 2356 ergo
1092 2295 1162 2336 non

197 2393 369 2463 repugnat
391 2385 618 2445 matrimonio

287 2490 325 2550 In
350 2492 519 2567 oppositum
545 2500 597 2551 est
622 2490 709 2551 illud
728 2508 781 2566 33.
806 2468 835 2568 q.
858 2508 890 2565 3.
915 2509 939 2549 c.
962 2490 1014 2547 De
1029 2491 1164 2566 propin·

197 2598 277 2675 quir,
310 2597 367 2657 ubi
402 2597 526 2657 dicitur
560 2597 651 2676 quod
687 2594 834 2656 affinitas
868 2595 1011 2674 impedit
1046 2597 1164 2656 matri·

198 2706 360 2765 monium.

287 2810 330 2871 In
344 2824 428 2871 ΜΛ
441 2809 684 2889 Qumsrroun
692 2811 799 2886 primo
815 2828 906 2889 pono
922 2817 1069 2888 quatuor
1085 2827 1163 2887 pro

197 2918 395 3001 positiones
422 2918 570 2984 Secundo,
599 2917 750 2977 breviter
781 2917 857 2977 dico
892 2916 984 2995 quod
1010 2912 1161 2976 affinitas

198 3024 398 3103 simpliciter
422 3024 563 3102 impedit
587 3025 851 3084 matrimonium.

290 3131 452 3203 Quantum
476 3132 519 3189 ad
533 3132 677 3207 primum
703 3139 756 3191 est
765 3133 875 3207 prima
885 3130 1058 3207 propositio
1080 3130 1160 3198 ista,

198 3237 289 3316 quod
324 3235 470 3297 affinitas
505 3246 556 3297 est
592 3238 769 3297 vinculum
804 3237 975 3316 quoddam
998 3253 1158 3314 personae

197 3344 240 3425 ad
264 3362 443 3423 porsonam
468 3364 512 3404 ex
536 3344 659 3423 copula
683 3344 809 3404 carnali
835 3362 911 3403 curn
936 3342 1052 3421 aliqua
1085 3360 1161 3421 per-

198 3468 282 3509 sona
305 3451 561 3530 consanguinea
577 3458 799 3509 contractum.
818 3445 980 3509 Affinitas
995 3448 1086 3507 enim
1103 3458 1159 3507 est

197 3558 294 3634 quasi
320 3575 477 3616 accessus
501 3555 544 3615 ad
566 3553 663 3624 fines,
681 3556 757 3616 ideo
773 3574 892 3615 omnes
907 3554 1157 3634 consanguinei
