2600 4200
222 403 277 463 sic
301 402 468 462 dimensio
492 419 569 462 cum
593 400 805 461 dimensione
829 401 863 460 in
887 399 1019 460 eodem
1033 399 1140 468 loco;
1158 399 1212 459 sed

225 509 295 569 duo
319 509 488 569 contraria
512 527 579 568 non
602 516 749 586 possunt
772 505 873 567 simul
897 523 977 566 esse
1006 507 1045 566 in
1089 507 1210 567 eodem

222 615 390 695 subjecta
415 616 496 694 quia
518 615 548 675 si
572 615 752 683 contraria,
780 631 863 695 ergo
897 621 933 672 et
966 613 1211 673 contradicto

223 722 286 790 ria,
311 731 350 782 ut
373 720 510 783 deducit
534 719 743 782 Aristoteles
765 738 795 794 4.
822 718 982 796 Metaph.,·
1016 737 1116 798 ergo
1150 737 1208 798 per

222 828 355 889 nullam
380 828 542 889 virtutem
567 845 629 886 nec
653 844 715 905 per
736 826 885 906 aliquam
902 824 1021 886 dotem
1039 825 1121 885 duo
1138 845 1208 886 cor-

224 953 311 1014 pora
333 944 478 1015 possunt
501 951 576 994 esse
601 931 713 993 simul.

316 1037 386 1102 Sed
409 1041 476 1100 ista
499 1037 682 1100 Conclusio
705 1057 772 1099 non
797 1047 911 1118 potest
934 1045 1039 1104 stare,
1064 1038 1207 1098 scilicet

224 1145 320 1226 quod
343 1145 411 1206 duo
435 1163 577 1224 corpora
601 1163 669 1205 non
693 1151 838 1224 possunt
861 1161 937 1203 esse
961 1143 1072 1203 simul
1099 1145 1137 1204 in
1151 1163 1206 1204 eo

223 1251 305 1312 dem
329 1250 414 1320 loco,
440 1251 521 1330 quia
544 1259 596 1311 est
630 1259 749 1311 contra
780 1247 941 1310 articulos
976 1246 1080 1319 fidei;
1121 1269 1203 1310 nam

222 1355 385 1420 Christus
408 1366 509 1418 natus
532 1364 586 1417 est
616 1357 658 1417 de
690 1353 839 1437 Virgine
872 1364 993 1424 matre;
1031 1355 1203 1417 similiter

226 1473 383 1524 tenemus
406 1482 452 1524 ex
474 1461 669 1544 Evangelio
693 1462 786 1542 quod
809 1462 958 1522 surrexit
992 1461 1117 1522 clauso
1149 1481 1202 1523 se·

225 1570 360 1650 pulcro;
385 1568 542 1629 similiter
565 1579 722 1629 tenemus
746 1568 838 1648 quod
861 1566 1019 1629 Christus
1049 1569 1197 1630 intravit

223 1675 271 1737 ad
294 1674 481 1754 discipulos
501 1675 614 1755 januis
638 1674 775 1736 clausis.

316 1780 386 1843 Sed
408 1781 464 1842 hic
487 1790 539 1841 est
563 1801 631 1841 una
666 1779 758 1843 fictio
793 1781 872 1841 talis
906 1780 950 1840 ad
984 1780 1194 1841 solvendum

226 1888 399 1969 praedicta,
425 1887 516 1967 quod
539 1888 653 1948 anima
676 1887 815 1948 habebit
831 1889 1059 1966 quantitatem
1074 1905 1196 1966 corpo-

223 1995 275 2055 ris
299 1995 342 2055 ad
366 1994 577 2055 voluntatem
602 2012 709 2062 suam,
735 1994 783 2054 ita
806 1993 900 2072 quod
923 1994 1050 2073 poterit
1080 1991 1194 2054 facere

226 2121 352 2181 corpus
375 2120 475 2162 suum
499 2099 543 2160 ad
566 2110 695 2161 tantam
713 2099 768 2161 vel
786 2100 888 2161 talem
904 2098 1051 2181 figuram
1065 2110 1105 2162 ut
1118 2120 1193 2180 pos-

223 2208 274 2269 sit
297 2208 441 2268 transire
464 2207 519 2268 vel
543 2216 721 2286 penetrare
737 2225 861 2286 corpus
878 2207 1109 2287 quodcunque
1123 2225 1193 2286 per

227 2332 331 2393 poros
354 2312 598 2373 subtilissimos
621 2313 656 2373 in
688 2311 804 2391 aliquo
835 2330 974 2392 corpore
1009 2314 1192 2391 pertransi-

226 2419 299 2480 bili.
326 2416 461 2479 —Sed
495 2417 580 2480 illud
616 2438 682 2479 non
718 2418 824 2489 valet;
865 2418 894 2479 si
930 2420 1020 2479 enim
1056 2416 1191 2498 Corpus

225 2524 355 2588 Christi
396 2526 537 2586 intraret
575 2544 636 2604 per
670 2524 756 2585 tales
791 2543 894 2604 poros
932 2524 1189 2590 subtilissimos,
1295 2512 1296 2537 ³

227 2640 310 2693 tunc
334 2631 525 2692 reducendo
549 2649 586 2690 se
609 2630 654 2691 ad
677 2640 745 2691 tam
777 2648 918 2710 parvam
950 2632 1189 2710 quantitatem.

227 2748 410 2817 pateretur,
434 2746 469 2797 et
491 2756 552 2817 per
575 2756 788 2816 consequens
802 2755 869 2797 non
883 2746 975 2798 esset
987 2736 1188 2817 gloriosum.

227 2842 315 2905 Item
329 2847 357 2905 si
371 2844 605 2905 estenderetur
616 2862 740 2924 corpus
753 2844 825 2923 ejus
842 2845 876 2904 in
890 2844 1032 2924 longum
1045 2854 1080 2904 et
1092 2844 1190 2903 strin-

227 2961 369 3032 geretur
391 2970 515 3031 corpus
539 2952 627 3011 sicut
650 2970 743 3019 acus
756 2959 837 3011 tunc
849 2968 917 3010 non
930 2949 1071 3010 haberet
1087 2968 1190 3029 quan·

223 3058 362 3119 titatem
385 3058 518 3137 corpori
543 3058 696 3138 organici
721 3056 884 3128 debitam;
910 3056 970 3116 sed
994 3056 1109 3116 anima
1131 3056 1189 3116 hu-

228 3182 330 3224 mana
352 3165 494 3243 requirit
517 3165 552 3224 in
576 3181 717 3242 corpore
733 3163 881 3223 debitam
898 3164 1187 3244 organizationem

227 3271 377 3350 partium
401 3279 435 3330 et
458 3269 704 3341 membrorum
730 3269 845 3350 igitur.

320 3377 376 3435 Ad
396 3382 583 3454 argumenta
607 3384 721 3435 autem
745 3374 970 3454 praecedentis
1005 3376 1185 3454 opinionis,

222 3484 273 3543 ad
286 3486 441 3561 primum,
477 3482 613 3561 quando
647 3481 744 3543 dicit:
780 3483 928 3543 varietas
962 3481 1186 3543 accidentium

227 3586 311 3649 facit
334 3587 558 3650 differentiam
583 3588 802 3657 numeralem,
827 3588 903 3649 dico
926 3588 1018 3668 quod
1044 3587 1110 3649 hoc
1135 3597 1188 3649 est

224 3690 362 3760 falsum,
388 3704 425 3752 ut
449 3702 542 3771 patet
565 3694 636 3753 Lib.
662 3712 690 3752 2.
715 3694 784 3753 dut.
806 3712 838 3768 3.
