2600 4200
393 235 583 307 DISHNCT.
608 238 626 306 I
650 240 803 325 QUAEST.
829 241 882 306 ΙΙΙ
1070 263 1105 322 15

159 463 228 526 per
252 441 412 505 accidens
436 444 470 504 in
495 442 658 523 subiecto,
683 442 776 523 quod
800 451 853 503 est
882 453 1001 504 contra
1031 443 1131 504 ratio·

162 569 247 614 nem
271 531 411 612 virtutis
434 550 490 611 vel
514 547 632 616 formae
656 549 864 630 spiritualis;
905 569 989 630 ergo
1005 539 1098 611 'etcs

258 658 340 718 Dico
362 659 466 736 igitur
486 657 530 718 ad
548 659 748 735 quaestionem
784 657 970 718 secundum
1002 658 1131 737 opinio-

164 784 247 827 nem
272 765 427 834 aliorum,
452 774 553 845 prout
565 765 631 825 ista
647 747 851 844 argumenta
865 763 1020 844 probant,
1038 765 1129 844 quod

165 871 393 934 Sacramenta
417 891 484 932 non
508 870 634 932 habent
658 869 894 931 causalitatem
919 873 1065 932 activam
1082 892 1143 932 re⁴

165 989 290 1060 spectu
315 980 446 1060 gratiae.

261 1191 338 1256 Sea
361 1197 461 1256 tritta
484 1191 695 1274 quwaerltur
717 1190 889 1271 quomodo
920 1190 1130 1252 salvabimus

164 1301 262 1362 dicta
285 1297 488 1362 Sanctorum
524 1299 749 1360 asserentium
783 1298 875 1378 quod
910 1295 1130 1359 Sacramenta

165 1415 252 1472 sunt
274 1425 378 1468 causa
401 1407 532 1488 gratiae.
557 1405 618 1468 Ad
640 1404 732 1486 quod
756 1404 880 1466 dicitur
903 1405 1101 1484 tripliciter:

267 1513 337 1574 Uno
360 1514 455 1580 modo,
484 1513 576 1595 quod
600 1522 680 1574 sunt
703 1530 807 1573 causa
841 1513 914 1572 sine
948 1531 1017 1591 qua
1050 1531 1127 1572 non.

165 1619 241 1684 Sed
263 1629 382 1682 contra
416 1620 480 1681 hoc
514 1619 682 1700 objicitur,
719 1629 756 1679 ut
790 1627 917 1679 tactum
952 1627 1014 1688 cst,
1049 1621 1130 1698 quia

164 1747 274 1789 causa
297 1729 371 1788 sine
394 1739 462 1808 qua
486 1745 564 1796 non,
590 1745 658 1787 non
682 1735 735 1786 est
759 1744 871 1794 causa,
889 1727 954 1786 nisi
971 1745 1033 1804 per
1048 1727 1131 1785 acci-

164 1835 256 1896 dens
279 1835 410 1916 gratiae,
435 1833 495 1895 sed
519 1831 741 1895 Sacramenta
763 1851 831 1893 non
848 1840 928 1892 sunt
943 1851 1047 1892 causa
1070 1851 1131 1911 per

165 1940 328 2003 accidens
352 1941 481 2023 gratiae.

261 2049 335 2109 Alio
358 2049 445 2109 modo
467 2047 592 2110 dicitur
614 2047 707 2128 quod
730 2047 842 2107 omnis
865 2045 1045 2126 dispositio
1073 2047 1131 2106 im·

165 2156 317 2218 mediate
330 2156 540 2217 necessitans
552 2155 594 2217 ad
611 2155 760 2235 aliquam
777 2152 931 2224 somnam,
947 2163 1022 2214 esto
1038 2153 1130 2233 quod

165 2283 240 2326 non
263 2272 419 2325 causaret
442 2263 591 2343 aliquam
615 2263 875 2342 dispositionem
892 2261 1047 2330 mediam,
1073 2280 1140 2340 po-v

165 2380 239 2432 test
262 2370 328 2432 dici
353 2378 422 2431 tam
451 2388 554 2431 causa
580 2370 693 2431 activa
719 2386 821 2448 quam
843 2368 1128 2437 instrumentalis;

166 2477 232 2541 sed
267 2479 379 2558 ipsum
419 2475 677 2539 Sacramentum
712 2494 773 2537 seu
807 2478 979 2554 susceptio
1014 2474 1130 2535 Sacra-

165 2586 277 2647 menti
302 2594 354 2646 est
377 2585 558 2666 dispositio
582 2584 778 2645 immediata
802 2602 869 2643 non
894 2602 1039 2644 causans
1073 2582 1130 2643 ali-

165 2710 274 2774 quam
302 2692 562 2773 dispositionem
596 2692 764 2761 mediam;
800 2699 914 2770 potest
947 2710 1031 2770 ergo
1063 2690 1128 2750 ‹lici

164 2818 276 2861 causa
298 2801 410 2861 activa
433 2808 467 2861 et
500 2798 779 2861 instrumentalis.
816 2798 924 2876 lllajor
956 2798 1128 2877 probatur.

166 2906 254 2989 quia
276 2905 473 2968 conceditur
495 2904 587 2986 quod
610 2908 768 2967 meritum
793 2916 845 2965 est
861 2924 964 2965 causa
987 2906 1128 2984 praemii,

166 3016 254 3095 quia
276 3033 337 3094 per
360 3014 518 3075 meritum
543 3012 729 3093 acquiritur
752 3014 940 3092 praemium,
965 3021 1128 3071 ettamen

166 3122 330 3184 meritum
355 3139 424 3182 non
454 3129 572 3181 causat
604 3120 791 3200 praemium,
828 3138 889 3179 nec
924 3127 1041 3178 causat
1073 3117 1130 3178 ali-

166 3246 273 3310 quam
308 3228 567 3308 dispositionem
603 3228 749 3287 mediam
785 3227 873 3286 inter
907 3226 1064 3286 meritum
1096 3237 1129 3285 et

166 3337 359 3417 praemium.

269 3443 371 3503 Tertio
394 3441 518 3502 dicitur
542 3440 633 3520 quod
658 3438 879 3501 Sacramenta
914 3449 993 3498 sunt
1027 3458 1129 3498 causa

167 3550 292 3630 gratiae
320 3546 507 3610 secundum
543 3548 713 3628 quandam
746 3548 976 3607 assistentiam
1009 3546 1129 3624 gratia*

168 3656 414 3727 &caramerum
440 3657 569 3716 assistit
586 3656 742 3715 euim-eis
754 3675 799 3715 ex
814 3653 959 3733 quadam
973 3653 1128 3731 pactione
