2600 4200
222 215 280 302 1‘58
450 227 524 287 Lm.
550 226 601 287 IV
627 227 933 289 Suuceurmuuu

194 407 376 463 nominatur
398 425 418 464 a
441 379 502 484 per
525 424 562 466 se
587 403 781 484 significato
806 388 1002 476 accidentis,
1038 416 1072 466 et
1101 416 1155 466 est

194 511 277 590 quid
300 511 482 598 abfolutum,
511 521 625 592 potest
649 513 762 572 inesse
785 524 819 573 et
844 531 912 573 non
937 514 1049 573 inesse
1080 514 1157 574 sub-

190 617 282 696 jecto
305 619 469 677 actualiter
491 615 570 678 licet
595 619 787 679 necessario
800 620 881 679 insit
897 621 1153 696 aptitudiualiler.

195 723 267 783 Ista
290 709 473 786 Conclusio
492 721 655 802 prodatur,
684 726 766 804 quia
789 725 982 786 absolutum
1008 734 1045 786 ut
1061 727 1156 786 abso

195 809 303 891 lutum
329 850 397 892 non
422 823 565 910 requirit
589 833 771 892 terminum
797 832 852 892 vel
877 835 1050 902 terminos,
1075 835 1157 912 quia

194 945 275 997 tunc
299 957 367 997 non
391 948 481 998 esset
506 938 711 999 absolutum.
737 938 850 1019 Igitur
873 941 901 999 si
927 939 1084 999 accidens
1107 959 1157 999 r(

194 1044 298 1122 quirit
323 1032 522 1123 subjectum,
547 1039 682 1123 oportet
713 1046 804 1124 quod
838 1045 903 1105 hoc
938 1047 983 1105 sit
1017 1054 1157 1125 propter

194 1151 342 1230 aliquam
369 1151 468 1211 aliam
494 1152 756 1231 dependentiam
788 1151 1004 1212 essentialem
1036 1152 1116 1212 ad
1109 1172 1158 1232 rp-

195 1251 285 1327 sum;
311 1258 371 1318 sed
385 1257 490 1340 nulla
514 1266 566 1318 est
582 1258 811 1338 dependentia
827 1246 1027 1338 simpliciter
1043 1278 1157 1319 neces·

194 1364 284 1423 saria
308 1363 451 1443 alicujus
475 1363 621 1425 absoluti
647 1366 689 1425 ad
714 1365 844 1444 aliquid
878 1365 970 1445 quod
1005 1385 1071 1425 non
1103 1379 1158 1426 est

193 1471 237 1528 de
260 1471 409 1530 essentia
432 1471 505 1550 ejus
529 1465 589 1532 sed
613 1482 744 1532 tantum
771 1491 874 1532 causa
897 1474 1099 1539 extrinseca,
1118 1483 1157 1532 ut

195 1571 238 1636 a'd
261 1564 398 1637 causam
423 1577 649 1637 extrinsecam
676 1578 878 1657 simpliciter
900 1580 1055 1658 primam,
1069 1579 1158 1638 scili-

194 1661 249 1742 cit
273 1683 315 1743 ad
327 1667 461 1744 'Deum
488 1683 557 1744 Sed
582 1685 772 1764 subjectum
798 1704 864 1746 non
881 1694 934 1745 est
949 1686 992 1745 de
1007 1687 1158 1746 essentia

195 1763 390 1858 accidentis
415 1791 495 1869 quia
518 1801 600 1851 tunc
623 1791 727 1851 homo
751 1791 850 1852 albus
874 1811 941 1852 non
974 1802 1064 1852 esset
1094 1813 1158 1852 ens

122 1877 126 1888 ⁴
194 1916 256 1975 per
279 1878 444 1956 accidens
472 1895 584 1978 Igitur
607 1898 836 1977 dependentia
859 1899 1044 1959 accidentis
1061 1899 1159 1958 abso·

185 2003 256 2062 'luti
282 2003 324 2063 ad
349 2003 536 2082 subjectum
562 2005 702 2064 omnino
726 2013 779 2064 est
813 2005 1014 2107 simpliciter
1044 2024 1160 2066 ncces·

195 2097 293 2170 saria.
320 2093 417 2171 Voco
452 2121 565 2172 autem
600 2114 784 2188 simpliciter
817 2132 1024 2171 necessarium
1059 2113 1159 2227 cujus

195 2219 390 2295 oppositum
416 2217 558 2278 includit
582 2218 895 2279 contradictionem

221 2408 223 2414 Α
289 2430 506 2509 Qniritium
530 2430 587 2491 ud
613 2430 788 2492 tertium
814 2428 1059 2493 altumaltum
1076 2442 1157 2491 sunt

195 2536 320 2615 aliquae
344 2536 575 2597 dubitationes
606 2538 755 2597 maxime
789 2547 907 2597 contra
940 2532 1040 2598 istam
1071 2535 1159 2598 Con-

194 2643 393 2713 clusionem,
418 2654 451 2704 et
483 2644 639 2723 arguitur
667 2646 775 2721 pruno
809 2645 871 2704 sic:
913 2642 1009 2703 Nihil
1043 2654 1159 2723 potest

193 2748 265 2809 fieri
292 2751 365 2809 sine
389 2768 429 2809 eo
454 2732 546 2828 quod
569 2760 622 2810 est
645 2751 688 2810 de
711 2752 861 2811 essentia
877 2750 964 2829 ejus;
983 2750 1043 2811 sed
1055 2750 1159 2811 inhae·

169 2840 306 2916 'rentia
329 2856 371 2915 ad
396 2856 584 2935 subjectum
610 2867 662 2916 est
686 2857 728 2916 de
752 2876 828 2917 esse
852 2856 1050 2927 accidentis;
1068 2876 1155 2937 ergo

195 2981 263 3022 non
287 2971 401 3041 potest
424 2982 499 3021 esse
524 2962 681 3023 accidens
704 2964 778 3023 sine
806 2964 968 3041 subjecto.
994 2963 1159 3024 Probatio

195 3050 336 3135 nrinoris,
365 3070 446 3148 quia
469 3068 550 3129 dicit
583 3068 791 3130 Aristoteles
825 3088 854 3148 7.
891 3070 1028 3147 rilelaph.
1064 3072 1159 3149 quod

195 3175 383 3235 accidentia
407 3195 473 3236 non
499 3186 579 3236 sunt
602 3177 695 3236 entia
718 3178 783 3236 nisi
809 3178 843 3236 in
868 3196 909 3236 eo
933 3176 1025 3255 quod
1041 3176 1156 3237 taliter

195 3284 294 3343 entis,
322 3282 478 3340 Probatur
501 3284 601 3343 etiam
628 3285 748 3341 talione
772 3284 830 3348 sic,
856 3284 976 3361 quiasi
994 3283 1160 3344 inhaeren·

195 3389 244 3449 tia
268 3407 334 3448 non
359 3398 412 3447 est
435 3389 476 3449 de
500 3389 647 3449 essentia
683 3389 860 3458 albedinis
896 3408 980 3469 ergo
1014 3389 1073 3450 illa
1103 3400 1158 3450 est

196 3494 290 3555 aliud
314 3496 355 3555 ab
372 3494 527 3555 albedine
540 3506 573 3556 et
590 3496 731 3556 inhaeret
748 3496 906 3556 albedini.
925 3496 1021 3557 Tunc
1038 3515 1159 3576 quaero

196 3602 238 3661 de
263 3600 322 3661 illa
345 3602 554 3668 inhaerentia‚
579 3621 646 3680 qua
671 3603 871 3663 inhaerentia
894 3603 1039 3663 inhaeret
1069 3601 1162 3663 albe-
