2600 4200
240 222 304 297 376
466 217 541 278 Lrn.
567 215 620 278 IV
643 213 950 279 Sanrsucrnauu

306 482 490 546 secum
513 492 567 544 est
590 482 776 544 videndum
801 503 844 544 an
872 482 958 545 illud
984 483 1189 545 universale

209 590 378 670 judicium
402 589 505 650 sitin
529 598 692 668 tempore,
706 589 762 650 vel
786 591 821 650 in
845 590 1011 661 instanti;
1049 599 1090 650 et
1114 589 1189 650 dico

216 695 309 777 quod
345 693 384 755 fit
422 696 634 775 intempore
670 695 726 756 vel
760 696 795 757 in
831 696 972 756 instanti
1009 713 1054 756 eo
1086 695 1189 756 modo

211 820 283 881 quo
307 801 496 862 declarabo,
522 799 592 863 Sed
615 802 731 862 statim
756 803 864 863 oritur
898 801 1055 871 dubium,
1085 805 1117 863 si
1155 801 1190 863 fit

215 908 251 968 in
275 915 428 986 tempore
443 907 547 968 -brevi
573 905 627 967 vel
660 925 728 968 non
762 907 869 969 brevi.
894 905 940 968 Et
973 907 1055 968 dico
1096 909 1190 989 quod

214 1021 329 1092 potest
351 1014 434 1092 poni
458 1012 647 1093 tripliciter.
679 1013 749 1073 Uno
784 1015 872 1072 modo
906 1015 975 1075 sic:
1013 1013 1190 1094 possibile
1293 1052 1296 1065 ι

212 1120 353 1198 quidem
378 1129 431 1180 est
453 1119 546 1199 quod
569 1121 692 1180 merita
714 1120 928 1200 singolorum
963 1123 1086 1182 omnia
1123 1123 1189 1182 sin·

216 1225 310 1306 gulis
344 1226 568 1295 innotescant,
604 1227 653 1286 ita
690 1226 783 1306 quod
817 1227 862 1287 sit
895 1227 1105 1289 miraculum
1143 1247 1188 1288 ex

215 1339 313 1410 parte
336 1332 563 1404 ostensionis;
589 1341 702 1392 tamen
726 1332 918 1394 dimittatur
940 1334 1187 1414 unusquisque

215 1437 411 1499 intellectus
433 1456 496 1498 suo
520 1439 622 1499 modo
639 1437 854 1520 intelligendi
873 1439 1030 1508 naturali,
1044 1450 1083 1501 et
1100 1451 1185 1502 tunc

216 1544 251 1605 in
275 1544 335 1605 tali
359 1546 555 1605 ostensione
578 1545 764 1624 requiritur
785 1563 949 1626 magnum
974 1555 1116 1625 tempus
1142 1547 1185 1606 ad

215 1649 478 1731 intelligendum
502 1651 604 1711 modo
627 1653 750 1712 merita
773 1652 884 1722 istius
919 1652 1021 1713 modo
1055 1655 1185 1714 merita

217 1755 319 1817 illius.
339 1793 379 1800 —-
397 1757 537 1817 Secundo
553 1758 617 1818 sic:
634 1758 800 1837 possibile
816 1768 868 1819 est
884 1759 977 1837 quod
993 1760 1183 1840 unicuique

214 1861 475 1925 manifestentur
497 1865 619 1924 merita
635 1864 692 1925 vel
708 1865 873 1927 demerita
888 1866 1027 1945 propria
1044 1866 1081 1926 in
1107 1885 1182 1946 spe·

212 1968 304 2038 ciali,
328 1978 362 2030 et
385 1971 507 2031 merita
530 1970 585 2031 vel
609 1971 774 2032 demerita
797 1970 941 2032 aliorum
959 1973 993 2033 in
1011 1973 1179 2053 generali,

215 2084 250 2138 et
273 2075 337 2137 hoc
361 2075 555 2157 dupliciter:
581 2076 637 2138 vel
655 2078 713 2148 sic,
731 2077 822 2158 quod
838 2078 995 2159 singulas
1011 2096 1180 2158 personas

211 2183 418 2251 considerat,
436 2192 549 2244 tamen
566 2183 653 2244 hanc
670 2195 708 2246 ut
719 2185 847 2265 justam
865 2185 900 2246 in
913 2186 1076 2266 generali,
1095 2196 1130 2246 et
1141 2185 1179 2245 il·

214 2288 283 2350 lam
296 2299 334 2350 ut
349 2289 527 2369 injustam;
554 2290 608 2350 vel
633 2290 701 2351 alio
725 2291 826 2353 modo
841 2292 1091 2353 considerando
1108 2302 1177 2353 tam

215 2413 380 2474 personas
392 2414 494 2475 quam
521 2398 642 2457 merita
669 2399 703 2459 in
731 2398 893 2479 generali,
922 2407 1041 2478 utpote
1068 2399 1178 2459 conci·

216 2501 340 2580 piendo
356 2520 475 2562 omnes
487 2502 624 2564 relictos
641 2505 676 2565 in
693 2513 782 2565 terra
797 2523 873 2565 esse
889 2504 1176 2573 condemnandos,

214 2617 332 2687 raptos
345 2618 457 2670 autem
467 2610 502 2670 in
515 2611 663 2671 nubibus
675 2630 751 2672 esse
764 2612 1004 2691 praemiandos‚
1017 2619 1052 2672 et
1064 2613 1100 2672 in
1112 2612 1177 2673 hoc

214 2716 318 2775 etiam
342 2725 433 2776 esset
457 2735 604 2797 magnus
635 2726 766 2779 tractus
800 2719 973 2797 temporis.
999 2754 1041 2761 —
1074 2720 1178 2779 Tertrb

215 2822 322 2880 modo:
344 2822 509 2901 possibile
533 2832 623 2884 esset
646 2843 708 2903 per
731 2825 918 2904 potentiam
942 2824 1008 2886 Dei
1025 2844 1092 2885 non
1106 2835 1179 2885 tan·

210 2937 288 2988 tum
312 2927 587 2991 manifestantem
610 2930 672 2991 sed
695 2940 891 2992 causantem
915 2940 1028 2993 actum
1052 2950 1178 3013 cogno-

216 3035 331 3095 scendi
345 3045 378 3095 et
391 3036 597 3097 intentiones
609 3035 789 3099 distinctas
801 3038 952 3098 omnium
965 3038 1175 3109 meritorum,

210 3149 350 3201 etcum
374 3140 438 3201 hoc
462 3143 613 3206 omnium
637 3161 860 3222 personarum
893 3142 996 3205 simul
1030 3162 1106 3204 esse
1139 3144 1175 3205 in

210 3265 419 3327 ¹quocunque
443 3248 627 3318 intellectu,
653 3251 735 3329 quia
756 3268 971 3330 quaecunque
995 3269 1063 3311 non
1079 3268 1178 3330 repu-

215 3364 324 3433 gnant
348 3352 535 3415 formaliter
558 3365 592 3416 et
615 3364 761 3435 possunt
792 3358 986 3417 successive
1010 3358 1114 3436 recipi
1140 3357 1175 3417 in

216 3459 332 3540 aliquo
354 3479 415 3539 per
438 3463 625 3541 potentiam
657 3461 722 3523 Dei
758 3462 958 3531 absolutam,
984 3462 1027 3523 ad
1061 3464 1176 3524 minus

213 3576 361 3645 possunt
377 3568 481 3646 recipi
505 3568 539 3628 in
563 3568 681 3629 eodem
700 3568 810 3629 simul.
830 3566 900 3630 Sed
912 3570 940 3630 si
957 3569 1025 3629 ista
1040 3570 1098 3631 via
1118 3588 1177 3649 po

1293 1139 1298 1197 l
