2600 4200
450 865 768 974 Distinctio
806 865 910 971 XI.

346 1169 398 1248 Si
445 1177 622 1248 autern
670 1174 1008 1271 quaeritur...

291 1384 382 1444 Circa
417 1386 509 1443 isram
538 1385 621 1444 Dist.
649 1403 696 1444 rr.
721 1385 765 1444 sic
782 1383 973 1461 proceditur,
1000 1389 1031 1443 et
1051 1404 1160 1462 quaro

197 1497 260 1550 tres
294 1491 495 1564 Quastiones.
522 1491 651 1552 Primo:
685 1492 800 1551 Utrum
824 1493 858 1550 iu
875 1491 1160 1550 istatransubstan·

200 1598 328 1657 tiatione
344 1600 443 1674 panis
458 1604 657 1657 convertatur
679 1588 713 1656 iu
741 1598 860 1674 Corpus
880 1597 1007 1657 Christi.
1033 1595 1160 1658 Secun-

197 1705 256 1765 do:
278 1704 320 1764 Si
334 1705 431 1781 panis
455 1705 489 1763 in
513 1706 572 1764 ista
588 1705 785 1764 conversione
804 1704 1010 1763 annihiletur.
1029 1703 1157 1772 TertiO,

199 1812 273 1872 sine
297 1811 511 1890 argumentis
535 1812 721 1891 quaeritur:
750 1809 831 1884 Qua
860 1813 902 1869 sit
932 1812 1065 1870 materia
1091 1830 1161 1870 con-

196 1919 325 1976 veniens
348 1918 443 1992 iricius
467 1917 673 1978 Sacramenti.

559 2198 742 2279 QUAEsno
766 2199 792 2260 Ι.

311 2352 366 2410 Aa
380 2354 522 2429 primam
551 2352 760 2425 Qnoestionern
783 2354 828 2410 sic
844 2354 1053 2428 proceditur:

289 2518 436 2580 Videtur
458 2520 550 2599 quod
574 2521 674 2599 panis
698 2538 765 2579 non
789 2528 1009 2580 convertatur
1029 2522 1063 2581 in
1080 2518 1161 2582 Cor·

198 2645 264 2706 pus
287 2625 425 2697 Christi,
450 2627 508 2705 qui
533 2628 568 2687 in
593 2628 685 2687 omni
710 2628 899 2687 mutatione
922 2628 1073 2706 positiva
1096 2638 1160 2688 ter·

198 2734 313 2794 minus
335 2734 379 2792 ad
398 2754 490 2811 quem
514 2733 637 2813 accipit
661 2751 757 2804 esse;
790 2734 850 2795 sed
874 2731 1007 2814 Corpus
1030 2733 1157 2795 Christi
1233 2743 1238 2815 ζ

200 2859 267 2900 ηοη
292 2840 415 2918 accipit
438 2858 534 2911 esse;
560 2859 655 2921 erg0‚
680 2848 742 2900 etc.

292 2946 416 3005 Contra.
442 2945 563 3007 Ambr.
590 2946 633 3005 lii
656 2947 693 3005 de
717 2946 859 3006 Sacram.
885 2946 981 3007 dicit:
1007 2945 1077 3008 Ubi
1093 2946 1159 3008 hoc

199 3070 324 3131 corpus
347 3050 525 3113 conficitur
544 3051 614 3134 jam
640 3071 707 3112 non
744 3054 816 3114 suis
850 3053 1064 3114 sennonibus
1098 3054 1159 3114 sed

199 3158 325 3220 Christi
354 3159 513 3220 sacerdos
548 3161 664 3221 utitur.
691 3158 737 3219 Et
771 3161 850 3239 quis
884 3178 997 3220 sermo
1031 3158 1158 3222 Christi

200 3268 264 3337 nisi
290 3286 358 3345 quo
382 3263 472 3327 facta
495 3276 576 3327 sunt
599 3267 722 3327 omnia.
748 3262 786 3327 Si
811 3284 895 3347 ergo
919 3276 1015 3327 tanta
1029 3266 1083 3327 vis
1103 3274 1160 3327 'est
1257 3253 1263 3265 ’

201 3374 235 3433 in
260 3392 416 3433 sermono
439 3372 590 3442 Domini,
615 3375 664 3434 ita
687 3381 725 3433 ut
758 3374 924 3453 reciperet
957 3392 1033 3434 esse
1066 3373 1159 3453 quod

201 3499 268 3540 non
286 3487 368 3549 erat,
394 3490 521 3559 quanto
545 3482 659 3561 magis
693 3482 891 3559 operativus
926 3489 978 3541 est
1012 3490 1050 3541 ut
1083 3500 1161 3560 quae
1226 3553 1230 3563 1

200 3594 298 3645 erant
320 3586 354 3645 in
380 3585 472 3646 aliud
495 3597 748 3647 convertantur.
