2600 4200
263 207 326 264 216
489 202 566 264 Lm.
591 200 642 264 IV
668 202 973 266 Sauranrmauu

327 378 391 450 Sit,
417 381 537 461 inquit.
561 384 707 459 simplex,
725 392 762 444 ut
775 382 860 443 nihil
873 383 1102 446 admisceatur
1121 404 1203 447 cum

231 489 288 549 eis
311 506 390 568 quae
413 490 634 569 requiruntur
657 489 700 550 ad
716 498 933 571 peccatorum
960 493 1202 571 quantitatem.

234 592 293 656 Sit
315 595 417 655 etiam
442 596 572 655 hzcmilis
595 596 738 657 interius
762 605 796 657 et
826 598 988 667 exterius
1024 598 1132 658 verbo
1167 610 1203 659 et

232 703 349 782 signo.
375 699 429 763 Sit
452 702 555 763 etiam
573 708 670 779 prata,
700 702 788 763 idest
808 720 885 764 eum
901 714 994 765 recta
1009 704 1203 766 intentione

233 802 336 871 facta.
362 805 416 869 Sit
439 810 542 869 etiam
557 808 669 887 fidelis
693 818 727 869 et
749 828 833 876 vera,
851 818 889 870 ut
905 808 990 871 nihil
1014 810 1201 872 admiscea-

232 922 292 975 tur
316 915 358 976 de
381 912 540 977 falsitate.
565 912 652 975 Item
680 914 849 993 frequens,
889 918 970 996 quia
1003 914 1203 996 frequenter

231 1019 389 1083 confiteri
414 1031 467 1083 est
489 1020 584 1082 utile.
609 1018 664 1082 Sit
686 1024 789 1082 etiam
813 1023 907 1089 nuda,
936 1023 1026 1084 idest
1048 1042 1117 1085 non
1143 1024 1201 1085 ob

236 1127 356 1189 voluta
379 1128 560 1189 verborum
584 1128 802 1190 obscuritate.
828 1126 883 1190 Sit
914 1130 1016 1190 etiam
1050 1130 1195 1195 discreta.

234 1244 276 1295 ut
299 1234 442 1315 gravius
465 1244 642 1313 peccatum
667 1252 744 1295 cum
770 1236 922 1316 graviori
946 1236 1098 1315 pondere
1111 1254 1201 1311 con-

234 1338 381 1402 fiteatur.
406 1338 492 1401 Item
517 1341 563 1401 sit
586 1341 687 1401 etiam
712 1338 818 1409 libens,
847 1341 936 1403 idest
967 1360 1043 1402 cum
1080 1341 1200 1403 volun·

233 1455 306 1509 tate
330 1455 364 1507 et
388 1448 462 1508 sine
497 1448 710 1509 necessitate.
735 1442 789 1509 Sit
822 1448 1004 1515 verecunda,
1032 1460 1071 1509 ut
1106 1466 1200 1509 vere-

231 1553 404 1617 cundetur
429 1554 472 1615 de
506 1555 656 1633 peccatis
690 1552 857 1615 confessis
892 1564 978 1616 actu.
1004 1552 1059 1616 Sit
1093 1556 1197 1616 etiam

233 1661 370 1738 integra,
399 1660 487 1721 idest
510 1661 584 1720 sine
607 1661 791 1740 partitione
814 1670 849 1721 et
872 1660 1197 1741 divisionepeccati.

235 1764 291 1828 Sit
313 1773 438 1834 secreta,
467 1766 548 1846 quia
571 1766 617 1826 ibi
642 1768 758 1847 agitur
780 1767 822 1828 de
846 1769 987 1829 secretis
1024 1770 1200 1830 conscien-
1251 1786 1255 1794 ·

232 1873 305 1932 tiae.
330 1870 384 1933 Sit
408 1872 618 1950 lacrymabilis
641 1873 685 1933 ad
709 1875 822 1935 minus
838 1892 915 1935 cum
932 1876 1198 1954 compunctione

233 1980 399 2040 interiori.
424 1977 477 2039 Sit
501 1980 678 2047 accelerata,
708 1981 788 2059 quia
811 1990 988 2060 peccatum
1020 1982 1112 2061 quod
1136 2002 1199 2062 per

233 2087 472 2168 poenitentiam
497 2087 565 2148 cito
590 2105 658 2147 non
682 2086 834 2157 diluitur,
859 2107 942 2149 mox
966 2107 1029 2152 suo
1045 2089 1199 2169 pondere

236 2193 282 2254 ad
306 2192 399 2255 aliud
423 2193 538 2263 trahit,
564 2193 752 2255 secundum
777 2192 995 2276 Gregorium.
1013 2192 1067 2257 Sit
1079 2195 1194 2271 sorlz's,

234 2299 326 2361 idest
348 2318 425 2361 cum
450 2302 627 2380 proposito
663 2320 731 2360 non
767 2301 987 2363 recidivandi.
1013 2299 1067 2363 Sit
1091 2289 1195 2363 etiam

229 2426 392 2473 accusans,
432 2406 521 2468 idest
551 2407 686 2486 eulpam
718 2425 814 2468 suam
847 2427 914 2470 non
938 2417 1136 2488 retorqueat
1161 2411 1195 2469 in

235 2512 352 2581 alium,
377 2516 465 2574 sicut
489 2513 602 2575 Adam
638 2515 697 2594 qui
732 2514 841 2575 dixit:
867 2515 990 2576 mulier
1013 2533 1117 2595 quam
1142 2515 1197 2576 de

235 2620 317 2681 disti
341 2621 424 2681 mihi
448 2622 586 2690 sociam,
612 2631 675 2682 ete.
707 2621 783 2682 Gen.
808 2641 838 2698 4.
865 2621 998 2684 Ultimo
1014 2623 1060 2684 sit
1077 2627 1195 2698 parata

218 2733 356 2807 parere,
386 2726 474 2787 idest
497 2727 644 2789 obedire.

325 2938 391 3000 Em
409 2938 626 3016 praeeat-n
648 2949 764 3019 potest
787 2942 888 3002 etiam
906 2953 1023 3021 patere
1041 2941 1192 3006 tertiata

235 3042 468 3120 Artemonis,
492 3047 623 3107 scilicet
647 3047 730 3126 quid
746 3049 836 3108 circa
852 3058 1102 3110 sacramentum
1119 3048 1197 3111 Ρω-

235 3152 390 3212 nitentiae
414 3153 639 3232 explicaverit
674 3151 850 3225 Ecclesia;
876 3174 954 3216 nam
981 3155 1065 3217 dicit
1089 3156 1197 3237 expli·

225 3261 300 3320 cite
313 3259 405 3338 quod
416 3260 612 3320 continebat
624 3270 835 3340 praeceptum
848 3260 1003 3324 divinum
1016 3263 1195 3342 implicite.

234 3366 366 3426 scilicet
388 3368 468 3443 quis,
496 3367 581 3443 quad,
609 3369 669 3434 cui,
697 3367 821 3444 quando
856 3377 889 3428 et
924 3371 1062 3446 qualiter
1094 3369 1196 3432 debet

233 3469 307 3533 fieri
330 3469 511 3541 confessio,
536 3483 574 3534 ut
598 3482 692 3552 patet
717 3473 832 3534 littra.
857 3475 894 3533 de
910 3477 1018 3551 poenr'l.
1036 3482 1067 3534 el
1088 3479 1194 3536 remis.

225 3599 260 3637 -c.
290 3578 441 3638 Omnibus
464 3581 628 3658 turiusque
651 3600 757 3640 senar.
784 3579 871 3641 Nam
896 3590 1061 3664 quantum
1086 3582 1130 3643 ad
1158 3583 1198 3644 il-
