2600 4200
260 300 321 361 130
512 283 586 346 Lm.
611 284 640 345 11
666 281 961 346 Sansnmnnnun

230 489 449 553 extrinsecum
473 490 708 571 corruptivum,
733 489 838 571 posita
869 489 1008 571 generali
1045 497 1187 550 manute-

230 597 339 660 nentia
362 597 479 671 divina,
505 616 686 678 numquam
711 605 982 678 corrumperetur.

294 809 400 876 Ideo
434 814 502 876 eat
534 808 632 876 alio
670 810 824 893 opim'o
846 809 936 893 quod
960 811 1002 872 de
1024 809 1135 872 Verbo
1158 810 1189 872 in

227 917 471 997 comparatione
494 917 535 979 ad
560 925 711 979 naturam
735 927 938 998 assumptam
962 937 1136 998 possumus
1148 917 1190 978 lo

226 1023 282 1104 qui
306 1023 481 1105 tripliciter.
505 1023 630 1097 Primo,
655 1024 879 1105 comparando
899 1023 1047 1086 Verbum
1071 1024 1111 1084 ad
1136 1044 1191 1085 no-

227 1141 337 1192 turam
361 1139 563 1212 assumptam
583 1130 774 1212 gloriosam,
790 1130 850 1192 isto
868 1131 967 1192 modo
983 1130 1073 1211 quod
1090 1129 1190 1211 gloria

227 1257 302 1318 quae
328 1237 457 1317 ponitur
482 1237 515 1299 in
539 1237 648 1298 anima
673 1237 832 1300 redundet
855 1237 887 1298 in
918 1257 1045 1319 corpus.
1070 1273 1113 1282 —
1138 1234 1190 1298 Se·

227 1343 341 1414 catardo,
359 1345 582 1425 comparando
596 1343 745 1406 Verbum
761 1345 804 1406 ad
821 1353 975 1405 naturam
991 1352 1190 1424 assumptam

229 1450 436 1524 innocentem,
450 1451 532 1512 sicut
555 1461 604 1514 est
620 1471 701 1531 pura
726 1460 842 1513 natura
866 1451 934 1512 sine
958 1458 1091 1532 peccato
1114 1469 1190 1511 cum

226 1555 349 1636 justitia
372 1556 529 1638 originali.
546 1595 591 1602 —
612 1558 717 1620 Tertio
740 1559 962 1639 comparando
978 1556 1126 1619 Verbum
1149 1557 1191 1618 ad

229 1671 384 1724 naturam
409 1684 471 1725 aon
490 1663 681 1746 gloriosam,
695 1665 738 1726 ita
754 1664 844 1745 quod
868 1664 971 1746 gloria
990 1662 1109 1726 animae
1125 1683 1192 1724 non
1241 1739 1246 1750 ι

229 1769 424 1832 redundaret
449 1771 480 1832 in
505 1791 633 1854 corpus.
658 1771 773 1834 Primo
797 1771 897 1842 modo,
926 1791 990 1832 non
1027 1768 1137 1832 fuisset
1161 1769 1192 1831 in

229 1875 358 1938 Christo
382 1877 553 1940 necessitas
579 1877 746 1951 moriendi,
760 1877 842 1940 sicut
866 1898 924 1940 nec
948 1877 979 1939 in
1004 1877 1107 1939 beatis
1134 1876 1192 1939 erit

228 1992 302 2062 post
326 1984 760 2056 resurrectionem,similiter
777 2005 835 2046 nec
858 1985 994 2046 sacrando
1018 1985 1118 2058 modo,
1136 1984 1192 2045 sed
1282 1969 1283 2004 ³

228 2089 321 2151 tertio
345 2093 435 2154 modo
459 2092 490 2154 in
516 2091 647 2155 Christo
680 2089 790 2155 fuisset
824 2090 995 2155 necessitas
1024 2091 1191 2159 moriendi,

228 2195 309 2257 sicut
336 2200 427 2278 ponit
452 2199 661 2281 Augustinus
684 2199 782 2261 Libro
805 2218 835 2263 2.
860 2200 899 2261 do
922 2200 1093 2281 Baptisma
1113 2210 1192 2279 par·
1281 2268 1282 2271 Ἴ

228 2305 389 2378 oritarum,
405 2305 459 2367 ubi
484 2307 560 2368 dicit
584 2308 673 2389 quod
699 2306 846 2370 Christus
877 2305 989 2369 habuit
1013 2305 1193 2369 similitudi-

229 2434 304 2475 nem
329 2412 434 2474 carnis
450 2414 585 2494 pcccati,
602 2414 677 2494 quia
696 2414 754 2476 nisi
775 2414 902 2494 juvenis
925 2414 1050 2476 occisus
1074 2413 1191 2481 fuisset,

228 2521 298 2602 ipso
322 2529 518 2593 senescente,
544 2521 585 2582 ad
612 2530 753 2583 mortem
776 2520 884 2582 venire
909 2521 1076 2603 potuisset,
1104 2520 1191 2599 nullo
1280 2578 1281 2603 .

230 2626 386 2687 miraculo
409 2627 494 2687 circa
518 2626 625 2706 ipsum
655 2627 770 2707 posito.
1280 2606 1281 2609 Ἴ

296 2730 364 2793 Sca'
383 2731 492 2794 adlata
515 2742 617 2795 restat
639 2733 774 2795 [trabium
810 2734 896 2795 unde
919 2741 987 2795 erat
1010 2734 1063 2795 illa
1086 2752 1192 2795 neces-

228 2838 303 2900 sitas
328 2839 496 2913 moriendi,
521 2850 554 2900 et
579 2840 695 2902 dicitur
730 2841 820 2921 quod
843 2839 903 2902 suit
937 2861 979 2901 ex
1016 2840 1077 2902 hoc
1104 2838 1192 2921 quod
1279 2850 1280 2885 ἑ

227 2966 346 3027 corpus
368 2945 485 3008 Christi
503 2946 562 3007 sibi
581 2947 750 3009 dimissum
768 2946 835 3009 sine
852 2948 1065 3010 redundantia
1082 2944 1193 3029 gloria:

227 3060 295 3112 erat
318 3052 457 3114 animale
479 3062 512 3114 et
536 3074 601 3115 non
625 3054 686 3116 sub
722 3054 817 3136 pleno
841 3054 986 3117 dominio
1009 3054 1137 3125 anime,
1159 3060 1193 3111 et

228 3158 394 3239 indigebat
406 3159 488 3233 cibo,
502 3168 534 3221 et
550 3159 647 3223 fiebat
664 3161 843 3243 deperditio
858 3170 891 3223 et
912 3161 1109 3235 restauratio,
1134 3176 1193 3220 nec
1278 3154 1279 3199 t

229 3274 356 3344 poterat
379 3265 447 3327 fieri
471 3276 561 3329 tanta
585 3268 775 3330 restauratio
794 3276 917 3349 quanta
940 3276 988 3330 est
1000 3262 1193 3350 deperditio;

227 3372 283 3431 sed
308 3371 363 3433 ubi
395 3393 460 3434 non
496 3372 532 3435 fit
567 3383 657 3436 tanta
692 3374 881 3437 restauratio
915 3384 1038 3456 quauta
1067 3383 1114 3436 est
1135 3370 1192 3431 de·
1277 3432 1278 3465 .

228 3478 377 3558 perditi0,
402 3479 444 3542 ibi
469 3489 518 3542 est
541 3480 714 3543 necessitas
739 3482 907 3544 moriendi.
1277 3466 1278 3469 Ἴ

300 3582 430 3647 Contra.
457 3585 604 3649 Christus
636 3588 757 3650 sciebat
787 3597 947 3671 quantum
977 3607 1100 3653 necesse
1121 3592 1192 3645 erat

227 3710 356 3753 sumere
381 3693 423 3755 de
445 3693 601 3756 alimento
624 3696 666 3757 ad
690 3704 816 3758 tantam
844 3694 1106 3759 restaurationem
1131 3690 1193 3752 de·
1276 3696 1277 3761 i
