2600 4200
363 240 549 305 Drsrmcr.
575 239 724 303 XXXIX
749 239 897 320 QoAEsr.
921 239 936 302 1
1063 256 1128 319 249

252 446 314 509 Isti
335 448 526 528 respondent
546 445 589 509 ad
605 454 800 527 argumenta
823 444 953 507 alterius
975 444 1147 526 opinionis,

177 553 242 615 Ad
256 552 415 634 primum,
440 552 573 635 quando
597 552 714 614 dicitur
737 552 828 634 quod
855 548 937 613 illud
959 560 1008 613 est
1044 552 1148 632 majus

180 670 356 742 peccatum
369 661 459 741 quod
474 668 523 722 est
535 668 647 722 contra
664 666 866 740 praeceptum
883 657 998 740 primae
1015 659 1146 732 tabulae,

180 767 359 829 dicendum
387 766 478 847 quod
506 786 619 827 verum
650 774 700 827 est
722 764 836 827 ceteris
859 763 1012 847 paribus;
1044 765 1101 827 sed
1124 766 1150 827 si

181 882 290 935 cetera
314 893 380 935 non
408 881 484 935 sunt
507 872 606 954 paria,
635 892 702 934 non
736 880 877 953 oportet,
902 871 979 952 quia
1002 871 1151 933 videmus

181 980 274 1061 quod
298 979 413 1061 aliquis
436 987 544 1061 potest
578 998 713 1061 peccare
735 977 902 1040 venialiter
929 986 1043 1039 contra
1066 998 1150 1060 prae-

181 1094 280 1167 cepta
314 1086 430 1167 primae
465 1085 586 1148 tabulae
609 1095 642 1149 et
670 1094 778 1166 potest
805 1104 940 1166 peccare
970 1084 1149 1147 mortaliter

181 1201 297 1255 contra
325 1202 491 1275 praecepta
513 1192 666 1255 secundae
693 1192 828 1265 tabulae,
850 1201 883 1254 et
918 1190 981 1254 hoc
1012 1200 1150 1281 propter

181 1298 343 1380 majorem
368 1300 533 1361 libidinem
549 1308 582 1362 et
599 1298 756 1361 malitiam
780 1298 945 1380 peccandi.

252 1405 311 1467 Ad
329 1406 504 1468 secundum
529 1415 637 1489 potest
659 1405 721 1467 dici
745 1406 861 1467 eodem
886 1405 996 1477 mod0,
1018 1405 1069 1466 vel
1093 1425 1149 1486 po-

183 1522 246 1575 test
262 1513 325 1575 dici
349 1514 441 1595 quod
465 1514 572 1596 major
592 1520 641 1574 est
658 1532 734 1574 vera
757 1511 890 1582 siactus
912 1511 976 1573 sint
998 1510 1146 1591 ejusdem

184 1620 338 1696 rationis;
363 1620 419 1682 sed
453 1620 479 1681 si
514 1630 606 1681 actus
640 1619 704 1681 sint
738 1619 938 1681 diversarum
974 1617 1147 1691 rationum,

184 1736 263 1788 tunc
287 1747 353 1789 non
377 1735 517 1807 oportet,
541 1725 625 1787 sicut
653 1724 757 1805 major
779 1734 828 1787 est
851 1724 973 1787 offensa
1003 1723 1150 1786 occidere

185 1834 342 1895 rusticum
366 1853 467 1915 quam
491 1833 597 1895 dicere
619 1832 758 1895 verbum
781 1830 971 1913 displicibile
1001 1830 1147 1913 principi.

251 2046 313 2110 An
337 2059 600 2110 Anconnnron
624 2058 843 2109 PRINCIPALE
867 2044 1041 2107 dicendum
1058 2043 1149 2126 quod

185 2154 362 2236 perjurium
386 2163 435 2216 est
459 2153 667 2216 mendacium
692 2152 919 2235 perniciosum,
941 2152 1147 2213 mendacium

182 2270 295 2323 autern
318 2261 536 2343 perniciosum
561 2269 610 2323 est
633 2269 805 2342 peccatum
831 2259 976 2333 mortale,
995 2267 1030 2319 ut
1042 2257 1149 2340 patuit

182 2383 292 2450 supra.
