2600 4200
189 185 195 196 ·
285 236 474 298 D1srrucr.
499 237 670 300 XXXIV
699 235 896 317 QUAEST.I
993 261 1055 318 3¹3

116 415 215 476 licuit
237 416 416 495 repudiare
440 435 593 477 uxorem.
620 415 695 477 Aut
706 418 788 496 quia
803 436 871 479 non
888 417 1007 479 obviat
1026 417 1079 497 ju·

114 523 166 583 ris
189 522 332 602 punitio,
357 533 392 583 et
415 523 479 584 hoe
496 523 597 583 modo
613 523 711 585 licuit
726 523 906 603 repudiare
922 542 1077 585 uxorem.
1121 577 1124 580 ,

207 626 277 690 Sed
306 630 457 690 rationes
481 630 642 691 secundae
676 631 850 709 opinionis
883 628 1080 712 infringunt

115 737 262 816 primam
286 743 321 797 et
344 738 479 796 tertiam
514 737 721 816 opinionem.
746 739 798 797 De
825 739 937 814 prim
970 745 1076 817 patet.

116 843 199 922 quia
222 841 281 904 illa
303 843 401 922 ponit
425 843 518 922 quod
551 844 731 923 repudium
767 846 812 904 sit
846 844 1015 914 illicitum,
1042 854 1078 905 et

114 948 268 1009 secunda
290 950 388 1030 ponit
411 949 504 1030 quod
527 951 571 1010 sit
605 950 748 1011 licitum.
774 951 825 1011 De
859 953 951 1011 tertziz
985 959 1081 1031 patet

115 1057 200 1135 quia
222 1057 319 1136 ponit
342 1056 434 1135 quod
457 1056 637 1136 repudium
664 1076 837 1146 nunquam
854 1056 918 1119 fuit
935 1058 1079 1129 licitum,

115 1161 166 1223 ita
189 1162 281 1242 quod
314 1161 410 1222 fieret
445 1165 519 1223 sine
552 1163 663 1243 culpa.
690 1163 787 1234 Haec,
823 1165 974 1244 inquam,
1010 1184 1078 1225 non

115 1279 263 1348 possunt
279 1278 379 1339 stare,
392 1277 464 1330 tum
478 1271 559 1349 quia
574 1270 753 1351 legislator
766 1271 895 1332 divinae
906 1271 998 1353 legis
1010 1291 1080 1332 non

115 1377 235 1455 posuit
257 1377 292 1438 in
316 1393 357 1436 ea
379 1376 510 1456 aliquid
534 1376 711 1449 illicitum;
736 1387 809 1438 tum
834 1379 916 1459 quia
938 1398 1008 1458 qua
1030 1398 1082 1440 ra-

117 1483 212 1544 tione
235 1501 340 1543 unum
365 1482 532 1554 illicitum,
557 1483 676 1544 eadem
700 1486 833 1545 ratione
867 1484 960 1546 aliud
984 1484 1081 1546 illici·

115 1597 211 1660 tum;
237 1597 309 1650 turn
334 1590 415 1669 quia
433 1589 527 1668 justa
550 1589 608 1650 lex
632 1609 701 1651 non
725 1589 784 1650 dat
807 1590 908 1652 alicui
933 1591 1081 1652 occasio-

117 1713 196 1756 nem
230 1695 393 1775 peccandi
428 1704 466 1757 ut
500 1696 667 1778 arguebat
703 1698 853 1758 secunda
883 1699 1011 1777 opinio.
1036 1733 1080 1742 --

116 1799 235 1862 Teneo
258 1821 342 1884 ergo
366 1803 458 1883 quod
481 1803 661 1883 repudium
685 1805 731 1865 sit
754 1804 885 1866 licitum
909 1824 978 1865 non
1002 1805 1082 1865 sim-

92 1889 262 1988 pliciter,
286 1909 348 1970 sed
371 1929 433 1989 pro
457 1919 619 1990 tempore,
644 1920 679 1971 et
703 1913 752 1972 sic
776 1910 873 1972 Deus
905 1912 1082 1991 dispensa-

115 2015 177 2076 bat
200 2034 277 2077 cum
302 2016 362 2077 illa
385 2027 489 2096 gente
512 2017 547 2077 in
572 2017 715 2096 repudio
739 2017 783 2078 ad
809 2018 987 2079 vitandum
1012 2037 1082 2078 rna·

117 2120 189 2185 lum
214 2122 398 2185 homicidii.

207 2282 274 2345 Em
288 2300 370 2362 quo
381 2288 498 2362 patet
516 2284 574 2347 ad
586 2285 817 2348 sanandum
833 2283 1081 2348 Articulum

117 2388 266 2468 qualiter
277 2391 457 2478 repudium
470 2393 514 2452 sit
530 2393 746 2471 permissum,
764 2394 845 2471 quia
867 2391 1011 2473 Moyses
1037 2393 1080 2452 ad

116 2496 297 2557 vitandum
321 2497 448 2558 malum
471 2496 647 2559 homicidii
671 2498 851 2577 repudium
875 2517 944 2559 non
969 2499 1082 2578 prohi-

117 2602 193 2665 buit
217 2602 277 2663 sed
300 2605 464 2683 permisit.
490 2602 536 2665 Et
567 2605 754 2665 notandum
790 2605 881 2683 quod
909 2608 1081 2682 permissio

116 2706 157 2769 fit
180 2707 457 2790 quadrupliciter.
483 2709 608 2779 Primo,
622 2729 684 2790 per
695 2711 924 2789 privationem
941 2717 1081 2789 pracep-

116 2817 221 2883 tionis,
250 2825 284 2877 et
308 2818 357 2877 sic
381 2815 574 2896 Apostolus
611 2818 768 2896 permisit
791 2818 987 2898 virginibus
1021 2837 1082 2879 nu-

116 2910 208 2983 bere.
245 2920 413 2993 Secundo
438 2942 499 3003 per
522 2924 751 3003 privationem
780 2924 1012 3001 prohibitionis,
1045 2935 1081 2987 et

117 3030 168 3091 sic
191 3029 341 3091 venialia
363 3030 523 3091 dicuntur
545 3030 723 3109 permissa.
748 3029 876 3100 Tertio,
894 3050 955 3110 per
966 3033 1079 3111 priva-

117 3136 247 3196 tionem
266 3139 451 3213 punitionis.
478 3134 619 3216 Quarto,
632 3156 694 3215 per
716 3138 945 3216 privationem
961 3139 1081 3198 cohabi-

117 3243 252 3309 tationis,
281 3251 315 3304 et
339 3244 415 3303 istis
439 3242 573 3304 duobus
597 3244 728 3303 ultimis
751 3244 863 3304 modis
897 3244 1079 3323 repudium

118 3356 172 3408 est
195 3350 409 3428 permissum,
435 3351 516 3429 quia
538 3369 605 3411 non
630 3350 837 3429 puniebatur
871 3369 934 3412 nec
968 3350 1082 3431 prohi-

116 3454 272 3515 bebatur.

209 3560 268 3622 Ad
291 3563 442 3623 rationes
465 3572 578 3625 autem
603 3564 724 3643 primae
737 3564 924 3643 opinionis:
950 3565 993 3625 ad
1010 3567 1081 3642 pri-

119 3686 204 3727 mam
228 3668 365 3747 quando
389 3669 532 3731 dicitur:
558 3672 766 3750 quicumque
796 3670 964 3732 dimiserit
998 3691 1083 3732 uxo-
