2600 4200
283 242 474 306 Dnsnscu.
499 242 646 305 XXXIII
672 241 859 323 Qunss.l
1002 254 1069 323 219·

127 443 185 506 hoc
206 447 368 529 contingit
391 448 573 529 dupliciter,
600 448 677 529 quia
700 456 757 509 aut
772 456 822 510 est
837 448 921 511 circa
944 448 1088 512 actiones

126 549 324 629 intrinsecas,
349 564 382 617 et
417 564 495 617 tunc
530 564 579 617 est
613 555 806 636 prudentia;
841 564 900 617 aut
922 564 970 617 est
1004 556 1089 621 circa

125 659 263 723 actiones
285 660 495 735 extrinsecas,
519 670 552 723 et
574 672 654 723 tunc
677 670 725 723 est
745 661 880 742 justitia.

187 767 263 831 Alii
283 788 363 829 vero
386 767 552 850 assignant
568 768 664 830 istam
680 768 906 830 sufficientiam
928 768 990 831 sic:
1013 770 1092 851 quia

127 872 204 936 sicut
233 873 371 937 virtutes
406 873 600 957 theologicae
635 874 790 938 ordinant
822 875 865 937 ad
902 876 1022 950 Deum,
1047 878 1090 942 ita

126 980 254 1043 virtutes
279 981 419 1043 morales
453 982 604 1044 ordinant
628 982 671 1044 ad
693 982 834 1063 seipsum
857 992 890 1045 et
913 984 956 1045 ad
974 982 1092 1064 proni-

128 1107 220 1149 mum.
245 1086 280 1152 Si
305 1088 457 1150 ordinant
479 1089 522 1150 ad
545 1088 699 1169 seipsum,
717 1087 780 1151 hoc
803 1089 965 1171 contingit
987 1090 1092 1170 dupli-

126 1192 207 1267 citer,
231 1195 309 1277 quia
334 1194 384 1256 vel
408 1194 440 1256 in
463 1194 624 1277 eligendis
639 1204 672 1256 et
688 1195 733 1257 sit
750 1196 881 1277 ponitur
898 1196 1088 1279 prudentia3

126 1300 173 1361 vel
195 1300 226 1362 in
250 1300 440 1383 respuendis
455 1311 487 1364 et
510 1302 555 1363 sic
579 1302 712 1382 ponitur
724 1303 976 1383 temperantitia.
992 1302 1024 1366 Si
1037 1324 1093 1365 au*

127 1412 188 1467 tem
219 1409 373 1470 ordinant
395 1409 439 1470 ad
473 1408 676 1490 proximum,
713 1408 777 1471 hoc
806 1408 905 1471 etiam
928 1409 1089 1491 contingit

129 1512 306 1595 dupliciter,
331 1514 409 1596 quia
431 1515 480 1577 vel
505 1514 537 1577 in
561 1514 746 1589 reddendis,
771 1515 864 1577 etsie
889 1516 1020 1597 ponitur
1041 1515 1094 1596 ju-

129 1619 229 1698 stitia;
254 1621 306 1683 vel
330 1620 363 1683 in
385 1620 596 1695 sustinendis,
620 1630 654 1683 et
677 1622 722 1683 sic
745 1621 879 1702 ponitur
903 1620 1069 1684 fortitudo

191 1726 258 1789 Alii
284 1748 363 1790 vero
378 1728 545 1809 assignant
568 1727 663 1791 istam
676 1728 904 1791 sufficientiam
929 1729 1019 1809 quod
1031 1729 1094 1789 vir-

130 1840 180 1895 tus
202 1834 335 1897 moralis
369 1834 498 1897 ordinat
522 1835 563 1896 ad
587 1834 730 1916 seipsum
761 1844 794 1897 et
817 1835 859 1897 ad
883 1834 1092 1916 proximum;

129 1937 152 2001 si
169 1940 305 2004 ordinat
329 1941 371 2003 ad
396 1941 597 2022 proximum,
622 1942 667 2003 sic
680 1942 811 2023 ponitur
832 1941 972 2021 justitia;
997 1942 1022 2001 si
1035 1963 1093 2003 au-

130 2054 192 2109 tem
228 2049 360 2111 ordinat
382 2048 426 2111 ad
449 2047 603 2130 seipsum,
636 2047 699 2111 hoc
722 2048 883 2130 contingit
917 2048 1092 2130 tripliciter,

128 2155 202 2234 quia
224 2155 276 2217 vel
300 2155 482 2218 secundum
507 2165 635 2237 partem
660 2155 892 2218 intellectivam
916 2177 972 2218 seu
996 2156 1093 2218 ratio-

131 2261 245 2335 nalem,
269 2263 359 2326 etsie
384 2261 721 2346 poniturprudentia;
747 2263 797 2325 vel
822 2263 1003 2324 secundum
1023 2284 1094 2344 par-

132 2374 195 2429 tem
212 2368 512 2450 concupiscibilem,
536 2379 568 2432 et
581 2369 626 2430 sic
650 2369 782 2450 ponitur
795 2370 1025 2450 temperantia3
1042 2371 1093 2436 vel

129 2476 307 2537 secundum
332 2485 458 2557 partem
484 2475 687 2548 irbscibilem,
717 2477 818 2538 etsie
853 2475 984 2557 ponitur
1008 2475 1094 2539 lorti·

129 2583 215 2644 tudo.
241 2581 287 2644 Et
311 2582 515 2664 accipiuntur
538 2582 591 2644 hic
612 2582 776 2645 irascibile
797 2592 830 2644 et
852 2583 1095 2665 concupiscibile

134 2697 228 2770 prout
250 2699 328 2752 sunt
351 2689 383 2752 in
407 2689 554 2771 appetitu
579 2689 736 2751 rationali.

198 2903 427 2990 Quantum
471 2904 536 2970 ud
573 2906 785 2988 quartum
829 2901 1092 2987 Articulum,

130 3007 238 3073 dicunt
260 3009 360 3092 aliqui
384 3011 475 3091 quod
498 3009 633 3072 virtutes
658 3010 795 3072 morales
830 3031 895 3072 non
927 3019 1094 3091 ponuntur

131 3115 163 3175 in
186 3125 362 3189 velenctate,
386 3117 443 3179 sed
466 3126 543 3179 sunt
566 3115 740 3198 subjective
763 3116 794 3177 in
818 3117 964 3197 appetitu
996 3117 1095 3180 seusi-

130 3219 202 3295 tiuo,
226 3222 318 3304 quod
341 3221 483 3304 probant
505 3222 566 3284 sic:
604 3223 744 3284 Habitus
766 3223 928 3284 virtuosus
963 3223 1095 3304 ponitur

131 3326 161 3389 in
184 3329 331 3409 potentia
366 3328 408 3390 ad
443 3327 506 3391 hoc
541 3338 577 3391 ut
611 3330 805 3391 determinet
840 3331 1020 3411 potentiam
1051 3332 1093 3393 ad

129 3433 252 3497 bonum
276 3434 477 3518 simpliciter3
513 3437 570 3498 sed
593 3437 746 3498 voluntas
769 3445 818 3498 est
852 3457 909 3517 per
931 3457 966 3498 se
988 3437 1093 3498 deter-

131 3541 251 3604 minata
274 3543 317 3606 ad
340 3542 465 3605 bonum
478 3542 675 3624 simpliciter,
692 3541 814 3605 cumei
831 3541 894 3605 hoc
914 3543 1095 3605 ostenditur

130 3647 170 3709 ab
193 3649 376 3727 intellectu;
401 3669 481 3732 ergo
504 3650 607 3712 virtus
630 3671 696 3712 non
714 3649 846 3732 ponitur
871 3649 903 3711 in
927 3648 1096 3712 voluntate
