2600 4200
247 292 305 350 124
457 271 531 332 Ins.
557 269 609 331 IV
634 271 940 334 Snn‘rsnrrnnun

218 451 387 530 posterior
410 449 541 520 locat03
567 450 675 530 igitur
701 449 744 509 ad
778 448 1099 529 multiplicationem
1135 450 1183 510 lo·

216 575 334 618 corum
360 575 427 617 non
452 557 606 636 sequitur
628 554 871 635 multiplicatio
894 555 1093 617 locatorum.
1119 566 1122 570 ’

165 647 169 658 ’
308 663 388 722 Dico
410 683 486 740 ergo
509 661 711 741 simpliciter
734 661 826 741 quod
850 661 926 723 Deo
946 672 999 723 est
1015 662 1181 742 possibile

217 767 328 831 facere
353 768 441 829 idem
466 787 591 848 corpus
614 769 649 828 in
675 768 822 830 diversis
846 767 931 830 locis
966 769 1069 831 simul
1103 788 1181 830 esse

218 875 381 936 localiter.
406 874 452 937 Et
475 875 540 936 hoc
564 883 658 954 patet
682 893 727 935 ex
751 874 926 936 intellectu
943 877 1179 947 terminorum

216 1001 295 1043 cum
319 983 409 1044 enim
435 981 511 1043 dico
536 981 624 1042 idem
649 999 775 1061 corpus
798 981 901 1043 simul
925 1001 1001 1042 esse
1024 982 1180 1043 localiter

218 1090 253 1150 in
277 1089 424 1150 diversis
452 1088 546 1157 locis,
583 1087 668 1148 nihil
703 1088 779 1148 dico
814 1106 919 1167 supra
952 1107 1078 1168 corpus
1113 1091 1180 1149 nisi

217 1196 387 1277 quendam
404 1205 595 1274 respectum
613 1196 828 1256 extrinsecus
845 1194 1083 1256 advenientem
1107 1192 1182 1255 fun·

217 1303 334 1363 datum
360 1302 394 1362 in
418 1310 547 1381 quanto
571 1301 614 1362 ad
642 1300 736 1361 aliud
770 1311 936 1380 quantum
971 1303 1181 1363 circumscri-

216 1410 311 1471 bens.
338 1407 549 1488 Respectum
574 1418 687 1468 autem
715 1406 817 1467 talem
854 1405 1039 1487 plurificari
1076 1428 1181 1489 super

218 1516 307 1577 idern
335 1511 592 1576 fundamentum
610 1513 653 1573 ad
669 1513 825 1575 diversos
841 1516 1006 1575 terminos
1030 1535 1099 1576 non
1123 1535 1181 1594 ap·

217 1633 314 1704 paret
337 1631 456 1682 contra
479 1621 608 1700 aliquid
633 1632 750 1681 notum
786 1621 973 1682 secundum
998 1623 1177 1706 rationem.

217 1731 299 1808 quia
322 1737 498 1807 respectus
522 1729 727 1788 intrinsecus
751 1727 974 1789 advenientes
994 1729 1036 1789 de
1053 1729 1181 1807 quibus

217 1837 332 1896 minus
356 1834 491 1896 videtur
514 1843 659 1914 possunt
682 1831 867 1913 plurificari
881 1832 1103 1896 fundamento
1126 1854 1182 1895 eo·

216 1943 294 2004 dem
319 1952 487 2010 manente,
513 1949 550 2002 ut
574 1959 678 2020 supra
702 1940 843 2001 eandem
876 1941 1068 2002 albedinem
1104 1960 1181 2021 pos·

218 2058 299 2112 sunt
322 2048 398 2110 duae
421 2047 664 2111 similitudines
688 2045 822 2109 fundari
839 2047 882 2109 ad
898 2047 985 2109 duos
1001 2050 1176 2111 terminos.

308 2158 351 2216 Et
371 2158 401 2215 si
423 2156 524 2215 dicas:
550 2174 668 2215 verum
693 2165 744 2215 est
761 2155 853 2234 quod
869 2156 985 2234 plures
1001 2165 1178 2235 respectus

217 2272 363 2345 possunt
389 2261 523 2323 fundari
560 2264 594 2323 in
630 2262 749 2323 eodem
785 2260 1017 2331 fundamento,
1042 2262 1180 2343 quando

218 2388 307 2431 unus
332 2388 399 2429 non
424 2369 580 2449 adaequat
605 2378 714 2429 totum
738 2367 1008 2438 fundamentum,
1034 2370 1089 2430 hic
1123 2390 1181 2430 an·

216 2486 286 2537 tem
311 2495 416 2537 unum
441 2476 495 2534 nbi
517 2475 676 2555 adaequat
700 2485 807 2536 totam
831 2477 998 2537 rationem
1025 2478 1180 2557 corporis

218 2583 372 2644 localiter
395 2582 596 2661 inquantum
621 2583 774 2643 locabilc.
794 2618 836 2625 -
858 2582 992 2649 Contra,·
1009 2583 1090 2663 quia
1113 2602 1180 2644 res-

218 2699 338 2769 pectus
361 2690 420 2768 qui
445 2689 552 2749 oritur
584 2709 628 2749 ex
664 2697 786 2749 natura
819 2686 1030 2750 fundamenti
1065 2690 1180 2770 magis

217 2796 318 2857 debet
342 2796 511 2875 adaequari
537 2792 758 2857 fundamento
783 2814 885 2875 quam
903 2796 959 2856 ille
977 2798 1034 2875 qui
1052 2798 1180 2857 extrin-

217 2922 317 2963 secus
341 2902 480 2962 advenit
503 2904 625 2962 ceteris
648 2902 809 2981 paribus;
835 2902 895 2963 sed
919 2902 962 2962 ad
994 2903 1081 2964 duos
1115 2912 1180 2963 ter-

218 3010 330 3069 minos
354 3010 388 3069 in
413 3008 530 3069 eodem
564 3006 784 3068 fundamento
819 3017 964 3088 possunt
998 3026 1075 3071 esse
1109 3010 1179 3072 duo

217 3116 304 3176 tales
328 3124 503 3195 respectus
527 3117 677 3175 orientes
693 3135 737 3176 ex
754 3126 876 3176 natura
891 3114 1115 3186 fundamenti,
1141 3126 1181 3177 ut

217 3224 294 3283 duae
318 3222 532 3301 aequalitates
557 3222 599 3281 ad
623 3221 691 3282 duo
726 3233 854 3301 quanta
889 3222 1046 3303 aequalia,
1071 3224 1181 3303 igitur

219 3348 285 3388 non
311 3328 365 3388 hic
388 3327 475 3388 benc
500 3328 632 3393 dicitur,
659 3328 749 3407 quod
775 3348 863 3389 unus
898 3337 1074 3409 respectus
1107 3337 1182 3389 tan·

217 3444 290 3494 tum
315 3434 480 3514 adaequat.

307 3594 391 3657 Pro
414 3594 620 3656 solutione
651 3600 794 3657 (rectem
826 3600 1183 3674 nrfflrmmltnrmn.

217 3711 298 3761 sunt
322 3700 481 3761 notandae
506 3710 575 3761 tres
601 3702 864 3780 propositiones,
888 3720 1032 3781 quarum
