2600 4200
211 210 270 268 128
434 207 508 268 Lm.
534 205 585 268 IV
612 207 916 269 Sententinnun

183 386 313 455 eodem,
322 387 487 466 dicoquod
499 405 567 448 non
580 397 632 448 est
645 385 904 466 impossibilitas
915 387 1144 448 mutationum

184 493 317 553 nisiex
343 491 618 572 impossibilitate
642 494 880 564 terminorum;
910 493 1017 574 igitur
1047 493 1147 572 prius

182 607 355 678 oporteret
378 600 521 678 probare
556 599 867 679 impossibilitatem
901 599 1046 659 duorum
1077 599 1140 667 ubi,

182 706 286 785 (quod
310 707 422 786 nego),
446 724 548 785 quam
573 706 739 767 habeatur
775 704 1035 785 impossibilitas
1065 705 1147 767 dua·

183 831 257 872 rum
281 813 508 873 mutationum
533 812 575 873 ad
599 811 679 872 illos
702 814 875 873 terminos.
901 812 945 872 Et
958 812 1083 891 quando
1098 813 1146 871 di·

181 921 264 977 citur
287 919 379 998 quod
400 920 536 978 termini
562 919 788 979 mutationum
805 928 885 980 sunt
902 917 1143 998 impossibiles,

181 1025 248 1084 dico
271 1025 362 1104 quod
379 1043 496 1086 verum
514 1035 566 1086 est
578 1025 619 1086 de
632 1026 788 1086 terminis
797 1025 925 1102 primis,
947 1043 1016 1085 non
1027 1035 1144 1086 autem

182 1130 224 1190 de
241 1131 395 1192 terminis
418 1131 697 1192 concomitantibus.
726 1131 889 1212 Intelligo
913 1141 1026 1192 autem
1051 1131 1144 1212 quod

181 1238 282 1316 primi
300 1239 433 1298 termini
459 1237 640 1319 cujuslibet
664 1239 864 1300 mutationis
887 1247 968 1300 sunt
994 1237 1146 1318 privatio

181 1352 215 1404 et
232 1342 349 1412 forma,
374 1345 642 1405 concomitantes
666 1355 779 1409 autem
804 1355 884 1406 sunt
907 1363 984 1424 quae
1006 1344 1146 1425 conjun-

181 1461 311 1532 guntur
334 1451 515 1530 praedietis.

271 1557 326 1616 Ad
345 1557 436 1616 aliud
456 1557 532 1618 dico
556 1557 648 1636 quod
673 1558 701 1617 si
726 1557 865 1638 ponitur
888 1555 976 1618 idem
1004 1575 1080 1618 esse
1107 1558 1144 1620 in

181 1663 315 1724 duobus
338 1663 432 1732 loeis.
459 1682 525 1725 non
551 1665 705 1743 sequitur
728 1662 820 1743 quod
851 1663 968 1725 eadem
1000 1665 1146 1725 materia

182 1765 382 1831 informetur
405 1769 537 1830 duabus
561 1767 683 1830 formis
697 1769 808 1840 simul,
827 1789 888 1832 nee
901 1770 1053 1851 ejusdem
1070 1789 1145 1850 spe-

180 1877 244 1936 clei
269 1875 324 1936 vel
348 1875 497 1938 alterius,
523 1877 578 1936 Ad
598 1878 778 1954 exemplum
802 1877 844 1938 de
865 1877 1037 1946 alimento,
1065 1878 1145 1940 dico

180 1981 272 2061 quod
296 1980 384 2043 idem
410 1979 505 2044 fieret
529 1983 571 2044 de
595 1982 758 2044 alimento
782 1994 920 2063 sumpto
944 2005 964 2044 a
994 1983 1145 2048 diversis

181 2090 215 2153 in
239 2088 386 2151 diversis
409 2087 504 2161 locis,
529 2091 618 2152 sicut
641 2087 738 2152 fieret
763 2091 791 2152 si
815 2091 883 2153 duo
908 2091 1073 2153 stomachi
1087 2087 1145 2153 fie-

181 2206 256 2256 rent
280 2198 313 2257 in
338 2196 456 2257 eodem
481 2196 567 2267 locu,
591 2208 625 2258 et
648 2197 746 2258 cibus
770 2197 827 2259 ille
839 2208 930 2259 esset
945 2199 978 2259 in
996 2206 1145 2279 utroque

181 2302 367 2363 stomacho
395 2302 424 2363 T
426 2322 492 2364 unc
516 2306 606 2365 enim
631 2304 687 2364 vel
711 2306 822 2365 virtus
845 2324 914 2366 una
936 2304 1053 2366 totalis
1070 2306 1145 2365 vin·

179 2418 271 2471 ceret
294 2408 406 2479 aliam,
432 2422 466 2470 et
489 2418 569 2472 ωηο
593 2419 703 2471 totum
735 2410 933 2472 alimentum
968 2418 1145 2473 converte·

180 2525 232 2577 ret
256 2517 289 2576 in
315 2515 540 2578 substantiam
566 2535 678 2589 suam;
704 2518 759 2578 vel
783 2529 874 2578 esset
901 2516 1045 2597 aequalis
1075 2519 1144 2579 vir·

180 2622 274 2693 tutis,
298 2633 332 2683 et
356 2633 437 2683 tunc
460 2623 637 2704 aequaliter
660 2632 875 2685 converteret
898 2624 940 2685 de
967 2622 1141 2693 alimento.

180 2730 246 2789 ista
270 2729 303 2789 in
329 2748 427 2790 suum
453 2749 576 2810 corpus
600 2739 634 2791 et
658 2729 717 2791 illa
749 2732 783 2791 in
815 2749 928 2802 suum;
962 2730 1019 2792 vel
1049 2740 1143 2792 esset

180 2836 371 2914 inaequalis‚
397 2856 464 2897 non
489 2848 600 2897 tamen
618 2856 687 2897 una
703 2838 842 2897 omnino
858 2838 1011 2901 vinceret
1027 2838 1141 2909 aliam,

179 2951 213 3001 et
237 2950 317 3001 tune
341 2939 461 3003 fortior
484 2943 563 3022 plus
585 2954 800 3004 converteret
825 2945 860 3005 in
887 2962 987 3004 suum
1003 2962 1141 3023 corpus,

178 3056 213 3107 et
237 3048 304 3108 alia
327 3048 471 3110 debilior
494 3050 606 3109 minus
631 3059 854 3111 converteret.
880 3048 1011 3112 Eodem
1038 3049 1143 3112 modo

178 3155 221 3215 de
245 3154 449 3216 animalibus
474 3156 507 3217 in
532 3155 679 3216 diuersis
695 3156 779 3216 locis
795 3157 1038 3236 recipientibus
1054 3156 1141 3218 illud

178 3260 388 3322 alimentum.
414 3260 543 3321 Eodem
569 3262 671 3322 etiam
696 3261 797 3323 modo
822 3263 864 3323 de
891 3264 1038 3343 diversis
1053 3263 1143 3344 igni·

178 3368 243 3429 bus
268 3369 515 3448 approximatis
539 3368 597 3428 uni
622 3368 719 3449 ligno
744 3370 779 3429 in
803 3369 950 3431 diversis
974 3369 1066 3431 locis.

268 3526 330 3586 AD
353 3540 624 3588 ARGUMENTUM
650 3532 682 3587 r'u
707 3531 909 3596 contrarium,
937 3528 1036 3594 multi
1047 3548 1142 3591 -·con·

149 3668 152 3675 ·
178 3632 303 3692 cedunt
326 3632 508 3703 relationes
532 3636 709 3713 oppositas
732 3636 835 3696 simul
857 3654 933 3696 esse
957 3637 991 3697 in
1018 3635 1139 3697 eodem
