2600 4200
332 239 520 301 Dlsmucr.
540 239 660 301 XLIII
685 238 836 321 Quffisr.
855 240 908 302 III
1028 261 1086 318 35¹

154 437 274 479 norum
309 420 424 480 omnia
446 419 605 480 redibunt
632 417 749 479 eadem
782 438 932 480 numero
958 417 1113 498 Quorum

152 526 240 586 ratio
263 535 316 586 est
339 527 420 605 quia
443 526 605 587 redeunte
629 545 732 586 causa
754 527 872 586 eadem
897 527 1057 588 redibunt
1078 536 1114 587 et

152 628 294 692 effectus
311 631 409 692 idem.
424 629 493 693 Sed
505 633 620 693 omnia
631 651 775 711 corpora
786 633 941 693 coelestia
952 632 1114 694 redibunt

152 739 196 799 ad
212 737 355 799 eundem
381 740 483 799 situm
496 749 575 818 post
587 739 766 800 citcuitum
780 739 873 800 illius
884 741 1002 820 magni
1021 741 1112 800 anni.

150 843 249 925 Ergo
273 847 388 906 omnia
410 845 569 906 redibunt
592 845 710 906 eadem
735 865 885 907 numero
911 846 1023 906 Minor
1039 865 1115 926 pro-

151 951 252 1012 batur
278 950 503 1032 supponendo
527 951 612 1013 illud
637 951 818 1014 Ptolomaei
853 954 888 1013 in
913 952 1112 1034 Almogesti

152 1057 244 1137 quod
267 1058 392 1119 coelum
418 1058 589 1119 stellatum
613 1068 793 1119 moveatur
810 1061 843 1119 In
860 1061 1113 1128 centumannis

151 1183 220 1226 uno
245 1162 352 1245 gradu
377 1173 496 1225 contra
518 1173 648 1224 motum
665 1165 835 1234 diurnum,
852 1174 934 1226 tunc
958 1167 1114 1245 sequitur

150 1271 244 1351 quod
268 1271 495 1350 complebitur
517 1273 582 1332 iste
609 1280 723 1332 motus
746 1271 819 1351 ejus
843 1272 887 1332 ab
910 1273 1041 1333 oriente
1076 1272 1111 1332 in

150 1377 361 1438 occidentem
387 1378 419 1438 in
446 1379 486 1455 36
511 1376 663 1438 millibus
688 1397 864 1438 annorum.

241 1481 311 1545 Sed
334 1485 434 1545 istam
459 1485 655 1564 opinionem
680 1485 851 1563 Improbat
878 1485 917 1546 B.
943 1484 1113 1565 Augusti-

150 1609 217 1651 nus
241 1591 312 1652 ibz'd.
337 1591 538 1651 auctoritate
562 1590 724 1670 Apostoli
741 1592 785 1650 ad
796 1592 888 1652 Rom.
906 1598 934 1651 ό.
952 1591 1112 1653 Christus

150 1716 335 1777 resurgens
359 1716 404 1758 ex
431 1699 586 1767 mortuis,
611 1707 674 1758 etc,
701 1696 787 1758 Item
819 1717 880 1778 per
911 1697 995 1759 illud
1019 1718 1046 1758 1.
1071 1699 1116 1758 ad

149 1804 189 1864 ·Τ
185 1805 295 1863 tessal.
320 1823 349 1880 4.
367 1802 510 1884 Semper
532 1823 609 1865 eum
626 1804 777 1865 Domino
793 1806 929 1866 erimus.
947 1804 1034 1865 Item
1051 1824 1113 1885 per

149 1911 327 1980 rationem,
352 1913 434 1990 quia
456 1912 642 1974 secundum
675 1911 839 1971 circulum
875 1913 979 1972 istum
1016 1910 1112 1972 nulla

150 2025 243 2078 esset
265 2036 348 2078 vera
370 2018 545 2078 beatitudo
569 2037 631 2097 pro
663 2037 704 2078 eo
739 2019 831 2097 quod
865 2019 978 2078 anima
1011 2019 1113 2079 beata

150 2126 300 2185 reditura
323 2136 415 2185 esset
438 2126 480 2186 ad
504 2127 660 2187 miserias
683 2145 769 2205 quas
792 2125 1003 2205 praehabuit.v

150 2384 152 2389 ,
195 2318 297 2383 Alta
331 2310 479 2398 opinio
509 2322 590 2382 dicit
625 2321 717 2400 quod
751 2320 831 2406 lIcet
865 2340 933 2382 non
973 2322 1110 2400 possint

149 2427 265 2487 omnia
281 2436 440 2506 corrupta
456 2428 564 2488 redire
581 2429 699 2488 eadem
713 2446 854 2488 numero
865 2446 927 2507 per
943 2438 1110 2497 naturam,

151 2542 264 2594 tamen
288 2534 404 2613 aliqua
426 2544 570 2613 possunt
594 2535 713 2594 redire.
739 2532 841 2613 Quod
864 2535 1028 2613 probatur
1050 2553 1113 2614 per

150 2640 236 2701 illud
260 2640 460 2720 Philosophi
486 2644 515 2700 8.
540 2642 615 2700 Met.
640 2662 665 2701 c.
687 2660 720 2716 3.
734 2661 746 2697 .·
771 2639 808 2700 Si
825 2660 934 2721 agens
951 2649 1004 2701 est
1020 2641 1110 2702 idem

149 2756 184 2807 et
209 2749 349 2808 materia
372 2748 500 2816 eadem,
525 2745 668 2808 effectus
691 2748 756 2808 erit
780 2748 879 2816 idem,
916 2748 1007 2808 unde
1041 2768 1109 2809 non

149 2856 306 2934 assignat
321 2855 555 2915 diversitatem
572 2852 714 2914 effectus
733 2854 933 2933 possibilem
951 2856 1016 2915 nisi
1034 2874 1110 2934 pro·

150 2969 226 3041 pter
249 2961 482 3023 diversitatem
499 2959 677 3021 efficientis
694 2960 749 3021 vel
766 2962 918 3021 materiae
933 2982 939 3031 ;
958 2962 1018 3022 sed
1031 2982 1107 3041 pos·

151 3068 249 3128 sibile
273 3077 325 3128 est
349 3068 438 3128 idem
463 3086 538 3129 esse
555 3065 705 3129 efficiens
721 3077 756 3128 et
770 3068 913 3152 eandem
930 3070 1110 3129 materiam

149 3182 306 3253 respectu
331 3175 471 3235 secundi
495 3172 636 3237 effectus
660 3175 817 3253 producti
844 3194 923 3253 quae
946 3185 1020 3235 erat
1043 3194 1111 3235 res·

149 3290 251 3360 pectu
275 3282 374 3359 primi
399 3281 577 3360 producti;
603 3300 688 3361 ergo
711 3282 826 3360 aliqua
842 3291 987 3361 possunt
1000 3282 1110 3342 redire

150 3388 267 3448 eadem
292 3406 441 3449 numero.
468 3388 579 3447 Minor
600 3388 773 3467 probatur,
798 3390 878 3467 quia
917 3388 1112 3452 iucludatur

150 3495 254 3575 ignus
278 3496 367 3555 intra
390 3514 452 3555 vas
476 3496 621 3555 vitreum
654 3504 688 3555 et
722 3496 769 3557 ibi
804 3505 1040 3575 corrumpatur
1074 3497 1109 3556 in

148 3620 278 3669 aerem,
319 3603 440 3663 deinde
480 3622 524 3663 ex
566 3603 631 3663 isto
670 3620 747 3663 aere
790 3612 973 3683 generetur
1016 3604 1110 3683 ignis
