2600 4200
363 225 552 286 D1sc1ncr.
580 224 635 285 XI
661 223 813 304 Qurasr.
838 224 854 286 Ι
1016 244 1074 304 147

135 417 243 486 gnum
267 413 320 464 est
344 404 549 472 institutum,
574 413 609 464 et
632 403 725 484 quod
749 403 851 464 debet
874 404 939 465 sibi
972 423 1100 465 corres-

134 510 284 592 pondere
308 510 494 592 signatum,
531 509 624 590 quod
659 529 728 570 non
762 520 815 570 est
850 510 916 571 nisi
955 511 1099 591 praecise

134 617 227 698 quod
250 635 375 697 corpus
397 617 443 677 sit
466 634 543 678 cum
576 615 702 696 aliquo,
737 616 868 678 scilicet
901 635 979 678 cum
1009 635 1099 698 pane

134 723 191 784 vel
214 741 291 784 cum
316 722 548 784 accidentibus
572 725 681 802 panis.
715 720 786 785 Sed
819 725 1014 785 institutum
1046 731 1100 784 est

135 849 226 892 nunc
249 830 342 910 quod
364 831 410 891 sit
432 838 565 890 tantum
578 830 755 912 signatum
772 848 851 891 cum
864 829 1098 892 accidentibus

135 938 335 1018 subsigno.

223 1044 280 1104 Ad
298 1049 520 1122 argumentum
543 1043 712 1102 secundum
736 1043 794 1104 ubi
820 1051 888 1104 stat
905 1045 970 1111 vis,
988 1043 1100 1105 dicen⁴

134 1152 216 1212 dum
240 1150 333 1230 quod
356 1148 512 1212 Ecclesia
535 1149 741 1211 determinat
764 1151 869 1211 istum
886 1148 1099 1211 intellectum

133 1277 211 1320 esse
235 1257 277 1318 de
301 1259 445 1318 veritate
468 1255 558 1324 fidei,
576 1259 609 1315 in
625 1261 692 1334 cap.
704 1257 928 1334 praallegato:
946 1255 1101 1316 Firmiter

133 1365 298 1433 credimus,
342 1363 400 1424 ubi
435 1362 560 1424 dicitur
594 1363 912 1425 transubstantiatis
943 1381 1032 1443 pane
1063 1363 1099 1422 in

134 1469 268 1551 Corpus
292 1481 326 1531 et
350 1471 431 1531 vino
456 1471 490 1530 in
522 1467 736 1551 Sanguinem
768 1479 939 1549 potestate
965 1470 1099 1542 divina;

133 1588 169 1639 et
192 1597 254 1658 per
277 1577 341 1639 hoc
372 1585 466 1656 patet
500 1575 543 1636 ad
577 1586 820 1657 argumentum
856 1576 998 1638 alterius
1029 1577 1101 1655 opi-

135 1704 258 1746 monis.

224 1897 287 1960 De
309 1897 488 1961 aeourtdo
512 1895 718 1970 Articulo,
736 1894 867 1956 scilicet
879 1896 958 1976 quis
974 1896 1019 1956 sit
1035 1892 1101 1956 ior-

133 2004 235 2066 malis
257 2005 423 2065 terminus
447 2004 541 2064 illius
562 2003 947 2072 transubstantiationis,
975 2001 1101 2063 dicitur

134 2112 228 2193 quod
251 2114 286 2173 in
310 2113 464 2174 humana*
483 2122 605 2174 natura
629 2109 756 2174 Christi
781 2110 867 2172 nihil
884 2118 936 2171 est
953 2110 1019 2171 nisi
1032 2128 1101 2170 ma·

134 2220 221 2279 teria
244 2220 354 2299 prima
377 2228 411 2279 et
435 2220 548 2280 anima
572 2216 784 2279 intellectiva
799 2227 961 2297 tanquam
979 2214 1099 2285 forma,

134 2334 170 2387 et
192 2325 359 2386 terminus
382 2326 513 2405 primus
536 2325 773 2386 conversionis
796 2333 850 2384 est
869 2323 1100 2403 compositum

134 2452 180 2493 ex
204 2434 347 2494 materia
369 2441 402 2493 et
426 2430 544 2501 forma,
570 2432 685 2491 anima
715 2430 926 2491 intellectiva
959 2431 1102 2509 inquan-

134 2550 207 2601 tum
233 2537 443 2600 intellectiva
466 2538 524 2598 dat
547 2557 624 2599 esse
640 2556 853 2616 corporeum,
870 2546 905 2597 et
920 2537 1099 2598 constituit

134 2648 362 2726 compositum
387 2645 480 2725 quod
503 2655 555 2706 est
579 2662 713 2725 corpus.
739 2642 841 2723 Quod
866 2653 979 2704 autem
993 2645 1027 2704 in
1046 2663 1102 2703 na-

135 2762 213 2815 tura
236 2754 387 2814 humana
411 2770 478 2813 non
504 2754 548 2812 sit
572 2752 640 2811 alia
663 2748 774 2810 forma
797 2759 922 2829 praeter
949 2751 1098 2811 animam

134 2859 391 2929 intellectivam,
416 2859 580 2938 probatur
604 2857 645 2918 ab
670 2858 720 2917 eis
744 2857 989 2937 multipliciter.

225 2965 335 3026 Primo
359 2967 421 3026 sic:
448 2964 563 3027 Unius
586 2966 633 3025 rei
659 2963 797 3025 unicum
833 2974 886 3024 est
916 2982 1006 3035 esse;
1039 2964 1100 3024 sed

134 3076 273 3135 unicum
298 3091 373 3134 esse
397 3081 449 3133 est
473 3073 517 3151 ab
539 3090 608 3133 una
630 3069 754 3141 forma;
779 3090 864 3151 crgo
881 3072 983 3131 unius
998 3072 1099 3139 entis,

134 3187 219 3260 puta
242 3179 401 3248 hominis,
426 3188 479 3239 est
502 3188 634 3239 tantum
660 3197 730 3239 una
752 3176 870 3237 forma.

225 3286 365 3346 Secundo
389 3288 452 3347 sic:
479 3286 603 3347 Forma
620 3284 857 3345 substantialis
874 3284 1101 3364 distinguitur

135 3414 156 3454 a
179 3391 289 3453 forma
311 3392 522 3459 accidentali,
548 3394 630 3471 quia
653 3388 763 3451 forma
785 3389 1022 3451 substantialis
1046 3390 1102 3449 ad-

134 3500 231 3561 venit
247 3501 317 3561 enti
335 3501 369 3560 in
394 3500 557 3579 potentia,
584 3496 805 3559 accidentalis
829 3506 942 3557 autem
960 3496 1100 3556 adven-it

134 3608 205 3667 enti
246 3608 279 3667 in
320 3616 414 3677 actu;
462 3606 522 3667 sed
562 3606 589 3666 si
630 3606 666 3665 in
713 3604 851 3664 homine
897 3610 988 3663 esset
1033 3601 1102 3663 alia
