2600 4200
223 234 287 311 236
470 234 544 297 Lm.
569 232 615 297 111
638 232 933 297 SENTENTIARUM

197 437 240 509 ad
264 437 327 502 hoc
349 437 441 519 quod
460 437 595 501 habitus
618 438 660 500 sit
682 458 767 501 unus
801 438 982 500 secundum
1010 436 1170 520 speciem,

197 538 317 608 sufficit
340 543 459 607 habere
481 564 585 607 unum
609 544 775 625 objectum
799 543 951 620 formale;
977 544 1033 606 sed
1055 545 1172 607 omnis

198 650 369 732 prudentia
398 650 496 713 habet
531 670 634 713 unum
670 651 836 733 objectum
873 649 1018 723 formale,
1042 650 1172 713 scilicet

197 757 322 821 bonum
346 748 531 839 operabile3
555 778 635 839 ergo
657 766 706 821 est
735 766 867 820 tantum
892 777 956 818 una
980 756 1170 838 prudentia.

264 863 345 925 Alia
368 864 476 945 opinio
491 864 568 926 dicit
584 863 675 946 quod
698 872 774 926 sunt
793 863 955 926 distinctae
978 862 1168 944 prudentiae

198 978 345 1051 respectu
368 970 594 1032 distinctarum
618 970 786 1044 virtutum,
803 969 881 1051 quia
903 970 986 1032 sicut
1006 990 1040 1031 se
1062 968 1170 1032 habet

197 1096 248 1139 ars
272 1085 418 1159 respectu
443 1076 590 1139 omnium
615 1075 841 1151 artificialium,
858 1076 902 1137 ita
918 1096 952 1139 se
974 1075 1071 1138 habet
1088 1097 1168 1157 pru-

196 1182 306 1245 dentia
330 1191 476 1264 respectu
501 1182 650 1245 omnium
674 1182 852 1265 agib'ilium,
869 1182 926 1245 sed
943 1202 1008 1244 non
1031 1191 1167 1245 estona

197 1310 248 1351 ars
271 1299 418 1371 respectu
447 1290 596 1351 omnium
631 1288 864 1369 artificialium3
899 1310 978 1370 ergo
1012 1309 1077 1350 non
1111 1300 1167 1352 est

198 1416 262 1457 una
286 1395 458 1478 prudentia
481 1405 628 1477 respectu
653 1395 802 1458 omnium
826 1395 1004 1477 agibilium.

264 1502 432 1577 Praeterea,
461 1502 594 1585 quando
618 1511 791 1585 generatur
815 1502 917 1564 virtus
949 1502 1078 1564 moralis
1101 1522 1166 1583 po-

196 1615 258 1671 test
282 1608 427 1691 generari
450 1608 643 1690 prudentia;
668 1609 724 1671 sed
750 1630 814 1671 una
837 1608 939 1670 virtus
973 1617 1081 1691 potest
1104 1628 1166 1691 ge-

182 1694 299 1776 nerari
323 1716 391 1778 sine
414 1715 496 1795 alia;
521 1735 600 1797 ergo
635 1736 701 1777 una
736 1714 908 1797 prudentia
942 1716 1010 1778 sine
1032 1716 1103 1787 alia,
1127 1723 1165 1777 et

196 1841 253 1903 per
277 1842 478 1904 consequens
501 1831 577 1883 sunt
592 1821 753 1883 distinctae
777 1821 968 1903 prudentiae.
987 1822 1031 1883 Et
1046 1818 1166 1883 confir-

196 1936 303 1997 matur
328 1928 390 1992 hoc
413 1928 648 2010 experimento,
667 1928 743 2010 quia
758 1927 857 2010 aliqui
875 1927 998 1991 habent
1021 1929 1165 2009 pruden-

194 2034 274 2097 tiam
299 2036 330 2097 in
356 2056 419 2097 una
442 2036 561 2097 virtute
595 2043 627 2097 et
650 2056 716 2098 nou
740 2034 771 2096 in
800 2035 871 2109 alia,
895 2035 978 2097 sicut
1014 2044 1104 2117 patet
1128 2035 1165 2099 in

195 2142 269 2204 viris
286 2143 440 2223 religiosis
455 2142 511 2224 qui
528 2151 603 2206 sunt
619 2143 796 2224 prudentes
815 2142 900 2205 circa
915 2143 1163 2218 continentiam,

194 2257 360 2312 ettamen
385 2270 451 2312 non
474 2258 549 2312 sunt
571 2249 750 2330 prudentes
773 2248 804 2310 in
829 2250 925 2311 rebus
948 2248 1077 2312 bellicis.
1104 2249 1165 2311 Di·

194 2354 276 2417 citur
300 2375 379 2436 ergo
401 2355 493 2437 quod
516 2355 548 2418 in
571 2355 744 2418 virtutibus
775 2375 954 2437 possumus
990 2355 1164 2419 attendere

194 2460 358 2542 duplicem
383 2462 550 2536 unitatem,
565 2461 685 2525 scilicet
708 2461 867 2524 unitatem
890 2462 1072 2524 secundum
1096 2472 1164 2543 spt-

194 2567 284 2641 ciem,
309 2577 342 2631 et
365 2569 523 2644 unitatem
547 2569 728 2631 secundum
752 2568 909 2631 ordinem.
929 2567 1100 2649 Quantum
1117 2568 1163 2631 ad

194 2673 352 2737 unitatem
377 2675 557 2737 secundum
580 2675 714 2756 speciem
730 2682 806 2738 sunt
826 2675 935 2757 plures
950 2683 983 2737 et
998 2674 1162 2737 distinctae

194 2780 386 2862 prudentiae.
413 2779 585 2862 Quantum
609 2782 652 2844 ad
677 2781 835 2843 unitatem
867 2782 1048 2844 secundum
1071 2780 1161 2843 ordi-

194 2907 276 2962 nem,
301 2887 346 2950 sic
369 2887 559 2950 conceditur
581 2888 672 2970 quod
706 2888 747 2950 sit
782 2907 847 2951 una
870 2889 1052 2969 prudentia,
1076 2888 1162 2950 sicut

194 2993 292 3055 etiam
316 2993 454 3057 dicimus
470 2993 560 3075 quod
583 2994 716 3057 scientia
731 3004 780 3057 est
796 3015 862 3057 una
879 2993 1002 3058 unitate
1026 2995 1158 3070 ordinis,

194 3097 226 3162 in
250 3119 315 3181 qua
338 3109 448 3162 tamen
470 3110 549 3187 sunt
583 3101 691 3183 plures
725 3099 949 3164 conclusiones
971 3110 1004 3163 et
1027 3100 1160 3164 habitus

193 3204 341 3286 specifice
364 3207 516 3269 distincti.

260 3312 428 3388 Praeterea,
453 3313 535 3376 ratio
558 3311 720 3395 opinionis
743 3333 808 3376 non
832 3315 927 3389 valet,
951 3313 1029 3395 quia
1044 3333 1160 3396 seque·

192 3427 280 3481 retur
295 3421 385 3500 quod
409 3439 523 3484 omnes
546 3421 682 3483 virtutes
697 3428 804 3483 essent
828 3440 894 3482 una
917 3420 1020 3483 virtus
1042 3441 1160 3484 secun·

193 3524 273 3588 dum
297 3525 448 3607 speciem,
468 3527 545 3608 quia
568 3526 736 3608 objectum
760 3525 909 3589 omnium
932 3526 1093 3590 virtutum
1110 3539 1162 3592 est
