2600 4200
283 419 348 482 Do
373 419 495 483 tortio
518 417 712 483 Artooulo
735 421 926 481 communis
953 422 1070 500 opinio
1102 432 1155 483 est

193 526 285 606 quod
309 525 484 587 character
507 535 560 588 est
582 524 693 587 forma
722 526 925 588 indelebilis.
950 525 1057 608 Cujus
1078 547 1155 589 cau-

193 650 266 692 sam
292 631 397 712 aliqui
421 633 602 714 assignant
625 634 708 712 quia
729 633 905 694 character
920 642 973 695 est
989 635 1024 695 in
1041 635 1156 696 anima

193 739 381 800 secundum
405 741 609 810 essentiam3
635 740 697 800 sed
721 741 835 801 anima
863 749 916 801 est
940 740 1154 803 invariabilis

193 845 380 907 secundum
401 847 601 918 essentiam3
619 865 713 933 ergo.
736 847 861 917 Contra,
879 847 1065 908 secundum
1082 867 1153 918 eos,

193 953 274 1031 quia
297 953 410 1033 gratia
443 960 496 1013 θεῖ
530 953 564 1013 in
600 955 751 1014 essentia
785 955 929 1025 animae;
954 973 1039 1035 ergo
1062 965 1155 1016 esset

195 1058 397 1119 indelebilis.

184 1164 190 1172 '
282 1165 352 1225 Ideo
376 1167 492 1225 dz'ciiur
514 1167 607 1245 quod
630 1165 804 1227 character
826 1176 941 1247 potest
963 1169 1153 1248 comparari

193 1273 237 1333 ad
260 1271 384 1342 Deum,
409 1272 465 1333 vel
489 1273 532 1333 ad
567 1291 676 1355 agens
709 1284 870 1334 creatum.
907 1271 944 1336 Si
980 1275 1154 1335 character

192 1369 409 1459 comparatur
431 1380 475 1439 od
495 1381 601 1439 Deum
626 1381 676 1441 sic
698 1388 812 1460 potest
836 1381 951 1452 deleri,
978 1383 1060 1461 quia
1092 1382 1151 1461 qui

194 1494 309 1566 potest
333 1485 481 1564 aliquam
506 1483 650 1548 formam
678 1505 802 1557 creare,
827 1497 941 1568 potest
964 1489 1074 1568 ipsam
1098 1508 1155 1549 an·

194 1591 347 1653 nihilare.
373 1590 411 1654 Si
436 1601 549 1653 autem
574 1569 792 1673 comparatur
815 1595 858 1655 ad
880 1614 978 1672 agens
1000 1601 1147 1663 creatum,

194 1699 243 1760 sic
267 1698 442 1760 character
464 1707 517 1760 est
540 1697 649 1760 forma
681 1699 883 1768 indelebilis,
909 1709 943 1760 et
976 1699 1041 1761 hoc
1075 1719 1153 1762 con·

193 1807 289 1867 venit
312 1805 377 1867 sibi
402 1808 483 1886 quia
506 1816 558 1867 θεῖ
574 1807 655 1869 talis
671 1817 801 1868 natura.
819 1842 861 1850 -
877 1807 947 1869 Ubi
965 1808 1152 1870 notandum

193 1913 286 1991 quod
310 1912 437 1992 triplex
471 1921 523 1974 cst
557 1913 706 1982 habitus,
732 1913 863 1974 scilicet
886 1916 1022 1982 innatus,
1049 1918 1156 1993 acqui·

192 2020 271 2078 situs
295 2029 328 2079 et
353 2017 489 2094 infusus.
516 2019 653 2081 Primus
677 2005 814 2100 quidem
831 2029 884 2082 est
899 2022 1038 2082 omnino
1062 2022 1165 2083 inde·v

195 2125 320 2197 lebilis;
347 2128 516 2188 sccundus
548 2137 661 2189 autem
697 2136 750 2189 θεῖ
785 2127 951 2199 delebilis,
987 2140 1025 2190 ut
1058 2139 1155 2210 patet

194 2252 223 2293 2.
248 2233 349 2293 Enoc.
364 2257 377 2300 ,·
400 2235 522 2294 tertius
546 2233 685 2295 habitus
708 2234 892 2314 aliquando
916 2245 968 2296 est
984 2235 1151 2304 delebilis,

194 2336 377 2418 aliquando
390 2340 592 2409 indelebilis,
621 2348 655 2401 et
677 2341 743 2401 hoc
755 2341 831 2401 ideo
845 2344 926 2421 quia
936 2342 1056 2404 habitu
1067 2340 1155 2403 infu-

197 2464 256 2506 sus
280 2445 464 2524 aliquando
488 2446 588 2507 datur
611 2447 655 2507 ad
678 2448 888 2524 dirr'gendum,
909 2448 1093 2528 aliquando
1109 2449 1153 2509 ad

194 2553 458 2629 distinguendam.
483 2552 684 2632 Aliquando
714 2552 852 2615 habitus
884 2553 1018 2615 infusus
1048 2556 1149 2617 datur

194 2659 237 2718 ad
249 2658 478 2739 dirigendum,
503 2661 584 2739 quia
600 2669 715 2739 potest
726 2662 876 2740 recipcre
888 2663 1152 2743 repugnantiam

194 2766 229 2826 in
264 2764 427 2844 subject0‚
453 2765 530 2827 ideo
553 2767 633 2827 talis
657 2765 795 2828 habitus
818 2776 871 2827 θεῖ
897 2767 1063 2830 delebilis.
1082 2766 1155 2830 Sed·

193 2872 398 2951 quandoque
421 2872 558 2934 habitus
582 2874 789 2953 imprimitur
800 2874 843 2934 ad
858 2873 1150 2956 distinguendum,

194 2987 228 3038 et
251 2978 330 3039 talis
354 2978 492 3040 habitus
515 2989 568 3041 est
592 2980 793 3042 indelebilis.
820 2978 878 3043 Sic
902 2991 1015 3042 autem
1039 2984 1153 3062 impri-

194 3086 299 3145 mitur
322 3084 504 3157 character,
530 3088 625 3147 utin
654 3107 681 3147 2.
707 3087 784 3148 Art.
810 3088 1023 3149 dictumest.

170 3345 175 3355 .
283 3296 345 3357 An
370 3311 644 3361 naeunlanrun
672 3313 712 3360 m
738 3312 993 3361 conranamn
1028 3301 1153 3362 dicitur

194 3404 353 3484 negando
377 3408 538 3466 minorem.
564 3406 624 3467 Ad
648 3407 873 3484 probationem,
902 3408 1039 3488 quando
1073 3408 1153 3469 dici-

193 3520 269 3570 tur:
298 3512 366 3571 duo
402 3513 589 3574 accidentia
624 3514 776 3593 ejusdem
810 3516 935 3594 speciei
967 3523 1081 3576 essent
1115 3515 1151 3575 in

195 3618 314 3677 eodem
350 3619 512 3698 subject0‚
549 3630 695 3701 negatur
728 3624 952 3698 consequentia,
980 3623 1061 3702 quia
1094 3621 1152 3682 vel
