2600 4200
243 207 305 282 368
473 203 548 266 L1s.
573 202 626 265 IV
650 201 958 266 Senaanninnun

218 309 1143 320 .................................................................................................................
1144 311 1192 319 ..-

220 381 379 444 tellectus
401 391 516 444 autem
539 393 719 462 separatus
741 401 840 462 aeque
866 380 1046 461 perfectus
1072 393 1129 443 est
1153 384 1192 443 si-

219 497 279 552 cut
300 507 399 550 meus
421 489 633 569 conjunctus,
658 488 715 550 vel
739 487 929 568 perfectior,
954 497 991 550 et
1028 508 1101 550 non
1138 489 1191 549 de·

219 596 422 658 terminatur
436 615 481 657 ex
498 595 614 676 aliquo
630 595 749 658 ordine
765 595 809 656 ad
820 614 888 656 non
900 595 1187 676 cognoscendum

218 703 435 781 operationes
457 701 598 764 alterius
620 700 816 764 intellectus
828 701 883 763 vel
900 701 1106 770 voluntatis,
1123 719 1187 763 nec

217 808 403 888 praesentia
425 809 617 871 necessaria
649 809 816 889 requisita
849 806 972 878 deficit,
997 809 1083 888 quia
1118 809 1187 870 ista

217 923 333 993 potest
355 933 431 976 esse
454 915 528 977 sine
551 914 694 995 illapsu;
720 933 814 996 ergo,
839 924 902 977 etc.

307 1091 370 1156 De
394 1091 516 1155 tert-lo
539 1089 733 1156 Articuli)
756 1092 833 1154 dico
856 1092 948 1172 quod
973 1111 1042 1152 non
1059 1099 1116 1152 est
1127 1109 1184 1152 ne—

217 1216 313 1258 cesse
336 1217 381 1258 ex
404 1198 535 1260 ratione
557 1197 781 1260 beatitudinis
805 1197 898 1278 quod
920 1198 1042 1260 beatus
1063 1197 1183 1260 videat

217 1305 390 1365 orationes
412 1313 557 1374 nostras,
582 1323 693 1385 neque
717 1303 921 1386 regulariter
943 1304 1018 1365 sive
1045 1305 1182 1364 univer·

174 1493 177 1498 Ι
217 1409 335 1472 saliter
358 1411 393 1470 in
416 1408 544 1480 Verbo,
568 1412 649 1491 quia
673 1429 741 1472 non
765 1420 818 1471 est
841 1409 971 1491 aliquid
1002 1411 1100 1490 quasi
1125 1429 1181 1472 ne·

217 1517 366 1577 cessaria
393 1515 533 1597 sequela
559 1516 803 1588 beatitudinis;
829 1535 938 1598 neque
962 1516 1054 1598 quod
1088 1535 1182 1578 reve·

217 1622 332 1683 lentur
354 1623 429 1692 sibi,
458 1623 539 1702 quia
573 1641 636 1684 nec
670 1621 751 1684 talis
784 1621 950 1684 revelatio
985 1623 1179 1684 necessario

217 1729 372 1809 sequitur
394 1728 649 1790 beatitudinem.
674 1727 803 1790 Tamen
821 1729 902 1808 quia
918 1746 1109 1809 congruum
1126 1735 1179 1789 est

215 1835 354 1896 beatum
377 1853 453 1896 esse
477 1834 664 1914 adjutorem
689 1833 755 1898 Dei
780 1835 814 1896 in
841 1834 1056 1914 procurando
1091 1835 1180 1895 salu·

217 1949 286 2002 tem
310 1940 419 2012 electi,
444 1950 478 2002 et
509 1941 552 2002 ad
585 1941 678 2003 istud
712 1942 898 2022 requiritur
931 1941 997 2002 sibi
1025 1939 1179 2002 revelare

217 2048 389 2110 orationes
412 2057 546 2111 nostras
569 2047 765 2128 specialiter
786 2066 865 2131 quae
889 2047 955 2110 sibi
979 2043 1177 2118 offeruntur.

217 2154 295 2215 ideo
317 2153 493 2235 probabile
516 2163 570 2216 est
592 2154 686 2235 quod
709 2154 806 2217 Deus
839 2154 969 2217 revelet
1001 2154 1113 2217 beatis
1135 2154 1179 2217 de

217 2260 273 2321 his
295 2279 373 2341 quae
398 2261 433 2321 in
458 2261 594 2322 nomine
617 2261 691 2340 ejus
715 2261 844 2322 sanctis
867 2258 1065 2323 offeruntur.

307 2438 370 2501 De
393 2443 546 2516 quarto
568 2436 762 2502 Artioulo
778 2436 916 2499 videtur
930 2436 1083 2508 dubium,
1096 2438 1179 2518 quia

217 2545 247 2606 si
270 2544 442 2606 revelatur
465 2545 515 2605 eis
538 2544 641 2605 talem
666 2554 781 2625 petere
803 2562 865 2626 per
880 2564 940 2606 eos
959 2542 1104 2606 salutem
1121 2544 1179 2605 vel

217 2650 347 2731 aliquid
370 2652 545 2732 pertinens
568 2651 611 2713 ad
636 2651 792 2720 salutem,
817 2659 877 2713 aut
910 2651 1030 2712 vident
1064 2650 1178 2713 Deum

217 2757 307 2819 velle
330 2757 433 2819 talem
456 2756 600 2827 salvare,
625 2768 685 2818 aut
712 2756 812 2827 nolle,
838 2767 989 2820 autnon
1013 2757 1113 2819 velle.
1140 2756 1177 2820 Si

217 2865 302 2932 velle,
331 2882 415 2944 ergo
438 2864 551 2924 sciunt
574 2862 666 2942 quod
690 2863 893 2935 salvabitur;
917 2862 1044 2926 frustra
1071 2866 1181 2948 igitur

217 2979 316 3031 orant
339 2988 400 3050 pro
424 2969 494 3030 tali.
520 2967 557 3030 Si
583 2970 671 3037 nolle,
700 2988 768 3032 non
793 2971 938 3033 orabunt
964 2989 1026 3052 pro
1061 2970 1178 3052 aliquo

217 3075 325 3138 nolito
349 3078 424 3156 ipso
448 3076 532 3137 Deo.
558 3071 611 3157 [Si
636 3096 697 3136 non
721 3078 806 3146 velle,
835 3078 951 3139 sciunt
980 3078 1073 3158 quod
1107 3096 1177 3139 non

217 3185 373 3255 eveniet:
397 3202 482 3264 ergo
505 3180 631 3244 frustra
654 3182 814 3265 orarent}
840 3180 910 3245 Sed
932 3184 997 3245 hoc
1014 3202 1081 3245 non
1103 3184 1179 3245 obs-

217 3299 321 3359 tante,
346 3291 422 3351 dico
445 3290 538 3369 quod
561 3298 700 3351 sanctus
716 3290 837 3352 videns
854 3291 1025 3352 orationes
1042 3300 1178 3352 nostras

217 3406 293 3459 orat
315 3415 377 3476 pro
400 3397 510 3458 nobis.

307 3500 393 3565 Cum
417 3504 525 3585 igitur
547 3504 686 3584 arguis:
712 3502 840 3564 Beatus
864 3512 923 3565 aut
946 3504 1040 3565 videt
1062 3502 1176 3565 Deum

216 3610 307 3671 velle
330 3619 389 3671 aut
412 3629 480 3671 non
505 3608 603 3679 velle,
628 3620 692 3671 etc.
717 3610 891 3687 respondeo,
920 3608 1050 3671 nullum
1074 3628 1178 3670 mern·
