<?xml version="1.0" encoding="UTF-8"?>
<!DOCTYPE html PUBLIC "-//W3C//DTD XHTML 1.0 Transitional//EN"
    "http://www.w3.org/TR/xhtml1/DTD/xhtml1-transitional.dtd">
<html xmlns="http://www.w3.org/1999/xhtml" xml:lang="en" lang="en">
 <head>
  <title>
</title>
<meta http-equiv="Content-Type" content="text/html;charset=utf-8" />
  <meta name='ocr-system' content='tesseract 3.04.00' />
  <meta name='ocr-capabilities' content='ocr_page ocr_carea ocr_par ocr_line ocrx_word'/>
</head>
<body>
  <div class='ocr_page' id='page_1' title='image "./commentariainli02scotgoog_0318.png"; bbox 0 0 2600 4200; ppageno 0'>
   <div class='ocr_carea' id='block_1_1' title="bbox 266 199 1244 289">
    <p class='ocr_par' dir='ltr' id='par_1_1' title="bbox 266 199 1244 289">
     <span class='ocr_line' id='line_1_1' title="bbox 266 199 1244 289; baseline -0.004 -14"><span class='ocrx_word' id='word_1_1' title='bbox 266 235 309 289; x_wconf 85' lang='lat'>40</span> <span class='ocrx_word' id='word_1_2' title='bbox 488 213 563 274; x_wconf 79' lang='lat' dir='ltr'>Lm.</span> <span class='ocrx_word' id='word_1_3' title='bbox 589 212 641 274; x_wconf 90' lang='lat' dir='ltr'>IV</span> <span class='ocrx_word' id='word_1_4' title='bbox 666 211 973 274; x_wconf 71' lang='lat' dir='ltr'>Sannaurmuum</span> <span class='ocrx_word' id='word_1_5' title='bbox 1236 199 1244 214; x_wconf 80' lang='grc'><strong><em>’</em></strong></span> 
     </span>
    </p>
   </div>
   <div class='ocr_carea' id='block_1_2' title="bbox 243 389 1206 1750">
    <p class='ocr_par' dir='ltr' id='par_1_2' title="bbox 243 389 1206 1750">
     <span class='ocr_line' id='line_1_2' title="bbox 243 389 1205 471; baseline -0.003 -17"><span class='ocrx_word' id='word_1_6' title='bbox 243 401 295 454; x_wconf 89' lang='lat' dir='ltr'>ter</span> <span class='ocrx_word' id='word_1_7' title='bbox 317 392 563 454; x_wconf 88' lang='lat' dir='ltr'>consentientis</span> <span class='ocrx_word' id='word_1_8' title='bbox 586 389 677 452; x_wconf 85' lang='lat' dir='ltr'>facta</span> <span class='ocrx_word' id='word_1_9' title='bbox 700 393 734 452; x_wconf 93' lang='lat' dir='ltr'>in</span> <span class='ocrx_word' id='word_1_10' title='bbox 759 409 849 471; x_wconf 87' lang='lat' dir='ltr'>aqua</span> <span class='ocrx_word' id='word_1_11' title='bbox 871 391 914 452; x_wconf 87' lang='lat' dir='ltr'>ab</span> <span class='ocrx_word' id='word_1_12' title='bbox 937 390 1005 453; x_wconf 85' lang='lat' dir='ltr'>alio</span> <span class='ocrx_word' id='word_1_13' title='bbox 1035 390 1205 459; x_wconf 83' lang='lat' dir='ltr'>abluente,</span> 
     </span>
     <span class='ocr_line' id='line_1_3' title="bbox 243 497 1206 560; baseline -0.003 0"><span class='ocrx_word' id='word_1_14' title='bbox 243 507 277 560; x_wconf 88' lang='lat' dir='ltr'>et</span> <span class='ocrx_word' id='word_1_15' title='bbox 301 501 335 560; x_wconf 92' lang='lat' dir='ltr'>in</span> <span class='ocrx_word' id='word_1_16' title='bbox 359 498 474 560; x_wconf 89' lang='lat' dir='ltr'>verbis</span> <span class='ocrx_word' id='word_1_17' title='bbox 497 500 600 560; x_wconf 88' lang='lat' dir='ltr'>certis</span> <span class='ocrx_word' id='word_1_18' title='bbox 623 498 666 558; x_wconf 85' lang='lat' dir='ltr'>ab</span> <span class='ocrx_word' id='word_1_19' title='bbox 683 497 803 559; x_wconf 88' lang='lat' dir='ltr'>eodem</span> <span class='ocrx_word' id='word_1_20' title='bbox 821 497 980 560; x_wconf 84' lang='lat' dir='ltr'>abluente</span> <span class='ocrx_word' id='word_1_21' title='bbox 996 517 1073 559; x_wconf 89' lang='lat' dir='ltr'>cum</span> <span class='ocrx_word' id='word_1_22' title='bbox 1090 497 1206 558; x_wconf 89' lang='lat' dir='ltr'>debita</span> 
     </span>
     <span class='ocr_line' id='line_1_4' title="bbox 244 601 1206 685; baseline -0.003 -18"><span class='ocrx_word' id='word_1_23' title='bbox 244 605 432 667; x_wconf 87' lang='lat' dir='ltr'>intentione</span> <span class='ocrx_word' id='word_1_24' title='bbox 454 604 607 685; x_wconf 84' lang='lat' dir='ltr'>prolatis.</span> <span class='ocrx_word' id='word_1_25' title='bbox 634 603 707 666; x_wconf 91' lang='lat' dir='ltr'>Nec</span> <span class='ocrx_word' id='word_1_26' title='bbox 731 612 783 665; x_wconf 90' lang='lat' dir='ltr'>est</span> <span class='ocrx_word' id='word_1_27' title='bbox 806 601 998 666; x_wconf 88' lang='lat' dir='ltr'>differentia</span> <span class='ocrx_word' id='word_1_28' title='bbox 1024 605 1114 666; x_wconf 91' lang='lat' dir='ltr'>inter</span> <span class='ocrx_word' id='word_1_29' title='bbox 1130 603 1206 664; x_wconf 89' lang='lat' dir='ltr'>illas</span> 
     </span>
     <span class='ocr_line' id='line_1_5' title="bbox 244 710 1206 791; baseline -0.001 -19"><span class='ocrx_word' id='word_1_30' title='bbox 244 713 393 774; x_wconf 89' lang='lat' dir='ltr'>rationes</span> <span class='ocrx_word' id='word_1_31' title='bbox 418 711 597 791; x_wconf 88' lang='lat' dir='ltr'>Baptismi,</span> <span class='ocrx_word' id='word_1_32' title='bbox 623 712 688 772; x_wconf 92' lang='lat' dir='ltr'>nisi</span> <span class='ocrx_word' id='word_1_33' title='bbox 713 729 775 791; x_wconf 90' lang='lat' dir='ltr'>per</span> <span class='ocrx_word' id='word_1_34' title='bbox 798 711 863 772; x_wconf 89' lang='lat' dir='ltr'>hoc</span> <span class='ocrx_word' id='word_1_35' title='bbox 885 711 997 772; x_wconf 90' lang='lat' dir='ltr'>solum</span> <span class='ocrx_word' id='word_1_36' title='bbox 1021 710 1115 790; x_wconf 93' lang='lat' dir='ltr'>quod</span> <span class='ocrx_word' id='word_1_37' title='bbox 1138 729 1206 771; x_wconf 91' lang='lat' dir='ltr'>una</span> 
     </span>
     <span class='ocr_line' id='line_1_6' title="bbox 244 815 1205 897; baseline -0.002 -18"><span class='ocrx_word' id='word_1_38' title='bbox 244 819 341 897; x_wconf 90' lang='lat' dir='ltr'>ponit</span> <span class='ocrx_word' id='word_1_39' title='bbox 375 817 583 878; x_wconf 83' lang='lat' dir='ltr'>ablutionem</span> <span class='ocrx_word' id='word_1_40' title='bbox 620 818 655 878; x_wconf 92' lang='lat' dir='ltr'>in</span> <span class='ocrx_word' id='word_1_41' title='bbox 689 826 794 887; x_wconf 90' lang='lat' dir='ltr'>recto,</span> <span class='ocrx_word' id='word_1_42' title='bbox 829 815 897 878; x_wconf 87' lang='lat' dir='ltr'>alia</span> <span class='ocrx_word' id='word_1_43' title='bbox 930 815 1140 878; x_wconf 88' lang='lat' dir='ltr'>ablutionem</span> <span class='ocrx_word' id='word_1_44' title='bbox 1172 825 1205 876; x_wconf 90' lang='lat' dir='ltr'>et</span> 
     </span>
     <span class='ocr_line' id='line_1_7' title="bbox 244 921 1205 1004; baseline -0.002 -19"><span class='ocrx_word' id='word_1_45' title='bbox 244 924 349 985; x_wconf 87' lang='lat' dir='ltr'>verba</span> <span class='ocrx_word' id='word_1_46' title='bbox 372 941 416 986; x_wconf 88' lang='lat' dir='ltr'>ex</span> <span class='ocrx_word' id='word_1_47' title='bbox 440 941 551 1003; x_wconf 85' lang='lat' dir='ltr'>aequ0,</span> <span class='ocrx_word' id='word_1_48' title='bbox 575 943 654 1003; x_wconf 88' lang='lat' dir='ltr'>quae</span> <span class='ocrx_word' id='word_1_49' title='bbox 678 921 870 985; x_wconf 87' lang='lat' dir='ltr'>differentia</span> <span class='ocrx_word' id='word_1_50' title='bbox 891 924 1071 1004; x_wconf 84' lang='lat' dir='ltr'>consurgit</span> <span class='ocrx_word' id='word_1_51' title='bbox 1096 942 1141 984; x_wconf 84' lang='lat' dir='ltr'>ex</span> <span class='ocrx_word' id='word_1_52' title='bbox 1157 923 1205 983; x_wconf 93' lang='lat' dir='ltr'>di-</span> 
     </span>
     <span class='ocr_line' id='line_1_8' title="bbox 245 1027 1206 1111; baseline -0.002 -19"><span class='ocrx_word' id='word_1_53' title='bbox 245 1049 345 1092; x_wconf 89' lang='lat' dir='ltr'>verso</span> <span class='ocrx_word' id='word_1_54' title='bbox 369 1030 470 1091; x_wconf 93' lang='lat' dir='ltr'>modo</span> <span class='ocrx_word' id='word_1_55' title='bbox 493 1031 706 1111; x_wconf 89' lang='lat' dir='ltr'>concipiendi</span> <span class='ocrx_word' id='word_1_56' title='bbox 732 1031 788 1091; x_wconf 87' lang='lat' dir='ltr'>vel</span> <span class='ocrx_word' id='word_1_57' title='bbox 819 1030 981 1110; x_wconf 90' lang='lat' dir='ltr'>opinandi</span> <span class='ocrx_word' id='word_1_58' title='bbox 1016 1030 1059 1091; x_wconf 88' lang='lat' dir='ltr'>de</span> <span class='ocrx_word' id='word_1_59' title='bbox 1089 1027 1206 1091; x_wconf 84' lang='lat' dir='ltr'>lunda·</span> 
     </span>
     <span class='ocr_line' id='line_1_9' title="bbox 244 1137 1205 1216; baseline -0.002 -18"><span class='ocrx_word' id='word_1_60' title='bbox 244 1147 359 1198; x_wconf 91' lang='lat' dir='ltr'>mento</span> <span class='ocrx_word' id='word_1_61' title='bbox 383 1137 485 1215; x_wconf 87' lang='lat' dir='ltr'>hujus</span> <span class='ocrx_word' id='word_1_62' title='bbox 508 1137 695 1206; x_wconf 86' lang='lat' dir='ltr'>relationis,</span> <span class='ocrx_word' id='word_1_63' title='bbox 720 1147 758 1198; x_wconf 92' lang='lat' dir='ltr'>ut</span> <span class='ocrx_word' id='word_1_64' title='bbox 781 1137 958 1198; x_wconf 85' lang='lat' dir='ltr'>dicebatur</span> <span class='ocrx_word' id='word_1_65' title='bbox 973 1138 1008 1197; x_wconf 93' lang='lat' dir='ltr'>in</span> <span class='ocrx_word' id='word_1_66' title='bbox 1037 1137 1205 1216; x_wconf 91' lang='lat' dir='ltr'>principio</span> 
     </span>
     <span class='ocr_line' id='line_1_10' title="bbox 244 1241 1203 1324; baseline -0.002 -19"><span class='ocrx_word' id='word_1_67' title='bbox 244 1243 346 1324; x_wconf 89' lang='lat' dir='ltr'>hujus</span> <span class='ocrx_word' id='word_1_68' title='bbox 369 1244 479 1304; x_wconf 88' lang='lat' dir='ltr'>tertiae</span> <span class='ocrx_word' id='word_1_69' title='bbox 503 1241 751 1306; x_wconf 75' lang='lat' dir='ltr'>conclusionis.</span> <span class='ocrx_word' id='word_1_70' title='bbox 778 1279 819 1288; x_wconf 90' lang='lat'>-</span> <span class='ocrx_word' id='word_1_71' title='bbox 844 1241 901 1304; x_wconf 85' lang='lat' dir='ltr'>Ex</span> <span class='ocrx_word' id='word_1_72' title='bbox 924 1243 989 1304; x_wconf 89' lang='lat' dir='ltr'>hoc</span> <span class='ocrx_word' id='word_1_73' title='bbox 1000 1252 1095 1324; x_wconf 86' lang='lat' dir='ltr'>patet</span> <span class='ocrx_word' id='word_1_74' title='bbox 1111 1243 1203 1323; x_wconf 92' lang='lat' dir='ltr'>quod</span> 
     </span>
     <span class='ocr_line' id='line_1_11' title="bbox 244 1347 1205 1431; baseline 0 -21"><span class='ocrx_word' id='word_1_75' title='bbox 244 1347 397 1411; x_wconf 90' lang='lat' dir='ltr'>definitio</span> <span class='ocrx_word' id='word_1_76' title='bbox 422 1349 589 1430; x_wconf 91' lang='lat' dir='ltr'>Baptismi</span> <span class='ocrx_word' id='word_1_77' title='bbox 614 1350 695 1411; x_wconf 88' lang='lat' dir='ltr'>data</span> <span class='ocrx_word' id='word_1_78' title='bbox 717 1369 738 1410; x_wconf 99' lang='lat' dir='ltr'>a</span> <span class='ocrx_word' id='word_1_79' title='bbox 761 1348 942 1431; x_wconf 73' lang='lat' dir='ltr'>Magistro</span> <span class='ocrx_word' id='word_1_80' title='bbox 967 1349 1099 1411; x_wconf 86' lang='lat' dir='ltr'>scilicet</span> <span class='ocrx_word' id='word_1_81' title='bbox 1114 1349 1205 1430; x_wconf 91' lang='lat' dir='ltr'>quod</span> 
     </span>
     <span class='ocr_line' id='line_1_12' title="bbox 246 1455 1203 1536; baseline 0 -20"><span class='ocrx_word' id='word_1_82' title='bbox 246 1455 444 1536; x_wconf 88' lang='lat' dir='ltr'>Baptismus</span> <span class='ocrx_word' id='word_1_83' title='bbox 471 1465 524 1518; x_wconf 88' lang='lat' dir='ltr'>est</span> <span class='ocrx_word' id='word_1_84' title='bbox 558 1455 688 1518; x_wconf 90' lang='lat' dir='ltr'>ablutio</span> <span class='ocrx_word' id='word_1_85' title='bbox 722 1466 797 1526; x_wconf 81' lang='lat' dir='ltr'>etc..</span> <span class='ocrx_word' id='word_1_86' title='bbox 833 1457 984 1536; x_wconf 91' lang='lat' dir='ltr'>loquitur</span> <span class='ocrx_word' id='word_1_87' title='bbox 1018 1455 1203 1518; x_wconf 88' lang='lat' dir='ltr'>secundum</span> 
     </span>
     <span class='ocr_line' id='line_1_13' title="bbox 244 1563 1206 1643; baseline -0.001 -19"><span class='ocrx_word' id='word_1_88' title='bbox 244 1564 439 1642; x_wconf 88' lang='lat' dir='ltr'>opinionem</span> <span class='ocrx_word' id='word_1_89' title='bbox 463 1563 632 1624; x_wconf 88' lang='lat' dir='ltr'>dicentem</span> <span class='ocrx_word' id='word_1_90' title='bbox 658 1563 749 1643; x_wconf 93' lang='lat' dir='ltr'>quod</span> <span class='ocrx_word' id='word_1_91' title='bbox 773 1564 904 1625; x_wconf 86' lang='lat' dir='ltr'>ablutio</span> <span class='ocrx_word' id='word_1_92' title='bbox 938 1564 1206 1624; x_wconf 69' lang='lat' dir='ltr'>circumstantie</span> 
     </span>
     <span class='ocr_line' id='line_1_14' title="bbox 245 1667 887 1750; baseline -0.002 -20"><span class='ocrx_word' id='word_1_93' title='bbox 245 1679 325 1731; x_wconf 86' lang='lat' dir='ltr'>nata</span> <span class='ocrx_word' id='word_1_94' title='bbox 348 1679 400 1730; x_wconf 89' lang='lat' dir='ltr'>est</span> <span class='ocrx_word' id='word_1_95' title='bbox 423 1667 681 1731; x_wconf 81' lang='lat' dir='ltr'>fundamentum</span> <span class='ocrx_word' id='word_1_96' title='bbox 707 1669 887 1750; x_wconf 87' lang='lat' dir='ltr'>Baptismi.</span> 
     </span>
    </p>
   </div>
   <div class='ocr_carea' id='block_1_3' title="bbox 244 1843 1207 2033">
    <p class='ocr_par' dir='ltr' id='par_1_3' title="bbox 244 1843 1207 2033">
     <span class='ocr_line' id='line_1_15' title="bbox 334 1843 1207 1928; baseline 0.001 -21"><span class='ocrx_word' id='word_1_97' title='bbox 334 1843 394 1907; x_wconf 80' lang='lat' dir='ltr'>Ex</span> <span class='ocrx_word' id='word_1_98' title='bbox 418 1859 537 1908; x_wconf 78' lang='lat' dir='ltr'>DICTIS</span> <span class='ocrx_word' id='word_1_99' title='bbox 562 1855 656 1927; x_wconf 91' lang='lat' dir='ltr'>patet</span> <span class='ocrx_word' id='word_1_100' title='bbox 679 1846 722 1907; x_wconf 90' lang='lat' dir='ltr'>ad</span> <span class='ocrx_word' id='word_1_101' title='bbox 746 1856 986 1928; x_wconf 82' lang='lat' dir='ltr'>argumentum</span> <span class='ocrx_word' id='word_1_102' title='bbox 1017 1847 1207 1927; x_wconf 86' lang='lat' dir='ltr'>principale</span> 
     </span>
     <span class='ocr_line' id='line_1_16' title="bbox 244 1951 1004 2033; baseline -0.001 -20"><span class='ocrx_word' id='word_1_103' title='bbox 244 1972 306 2033; x_wconf 90' lang='lat' dir='ltr'>per</span> <span class='ocrx_word' id='word_1_104' title='bbox 328 1971 368 2013; x_wconf 85' lang='lat' dir='ltr'>ea</span> <span class='ocrx_word' id='word_1_105' title='bbox 391 1971 468 2033; x_wconf 89' lang='lat' dir='ltr'>quae</span> <span class='ocrx_word' id='word_1_106' title='bbox 491 1952 582 2014; x_wconf 86' lang='lat' dir='ltr'>dicta</span> <span class='ocrx_word' id='word_1_107' title='bbox 605 1962 685 2015; x_wconf 92' lang='lat' dir='ltr'>sunt</span> <span class='ocrx_word' id='word_1_108' title='bbox 709 1955 742 2014; x_wconf 95' lang='lat' dir='ltr'>in</span> <span class='ocrx_word' id='word_1_109' title='bbox 767 1951 1004 2015; x_wconf 89' lang='lat' dir='ltr'>Conclusione.</span> 
     </span>
    </p>
   </div>
   <div class='ocr_carea' id='block_1_4' title="bbox 601 2217 852 2300">
    <p class='ocr_par' dir='ltr' id='par_1_4' title="bbox 601 2217 852 2300">
     <span class='ocr_line' id='line_1_17' title="bbox 601 2217 852 2300; baseline -0.004 -19"><span class='ocrx_word' id='word_1_110' title='bbox 601 2217 783 2300; x_wconf 79' lang='lat' dir='ltr'><strong>QUAESTIO</strong></span> <span class='ocrx_word' id='word_1_111' title='bbox 808 2218 852 2280; x_wconf 93' lang='grc' dir='ltr'>ΙΙ.</span> 
     </span>
    </p>
   </div>
   <div class='ocr_carea' id='block_1_5' title="bbox 346 2378 1106 2457">
    <p class='ocr_par' dir='ltr' id='par_1_5' title="bbox 346 2378 1106 2457">
     <span class='ocr_line' id='line_1_18' title="bbox 346 2378 1106 2457; baseline -0.004 -17"><span class='ocrx_word' id='word_1_112' title='bbox 346 2382 401 2440; x_wconf 72' lang='lat' dir='ltr'>Ad</span> <span class='ocrx_word' id='word_1_113' title='bbox 420 2380 583 2439; x_wconf 84' lang='lat' dir='ltr'>secundam</span> <span class='ocrx_word' id='word_1_114' title='bbox 612 2380 820 2455; x_wconf 79' lang='lat' dir='ltr'>Quoestionem</span> <span class='ocrx_word' id='word_1_115' title='bbox 845 2383 889 2439; x_wconf 86' lang='lat' dir='ltr'>sic</span> <span class='ocrx_word' id='word_1_116' title='bbox 906 2378 1106 2457; x_wconf 80' lang='lat' dir='ltr'>proceditur:</span> 
     </span>
    </p>
   </div>
   <div class='ocr_carea' id='block_1_6' title="bbox 245 2520 1206 3239">
    <p class='ocr_par' dir='ltr' id='par_1_6' title="bbox 245 2520 1206 3157">
     <span class='ocr_line' id='line_1_19' title="bbox 336 2520 1203 2602; baseline -0.001 -21"><span class='ocrx_word' id='word_1_117' title='bbox 336 2521 482 2583; x_wconf 88' lang='lat' dir='ltr'>Videtur</span> <span class='ocrx_word' id='word_1_118' title='bbox 505 2522 597 2602; x_wconf 93' lang='lat' dir='ltr'>quod</span> <span class='ocrx_word' id='word_1_119' title='bbox 622 2522 681 2583; x_wconf 87' lang='lat' dir='ltr'>illa</span> <span class='ocrx_word' id='word_1_120' title='bbox 705 2541 771 2582; x_wconf 90' lang='lat' dir='ltr'>non</span> <span class='ocrx_word' id='word_1_121' title='bbox 797 2524 842 2583; x_wconf 91' lang='lat' dir='ltr'>sit</span> <span class='ocrx_word' id='word_1_122' title='bbox 876 2520 984 2582; x_wconf 84' lang='lat' dir='ltr'>forma</span> <span class='ocrx_word' id='word_1_123' title='bbox 1019 2520 1203 2602; x_wconf 88' lang='lat' dir='ltr'>Baptismi:</span> 
     </span>
     <span class='ocr_line' id='line_1_20' title="bbox 246 2625 1206 2711; baseline -0.001 -22"><span class='ocrx_word' id='word_1_124' title='bbox 246 2626 324 2711; x_wconf 86' lang='lat' dir='ltr'>Ego</span> <span class='ocrx_word' id='word_1_125' title='bbox 349 2638 382 2689; x_wconf 85' lang='lat' dir='ltr'>te</span> <span class='ocrx_word' id='word_1_126' title='bbox 404 2629 540 2707; x_wconf 89' lang='lat' dir='ltr'>baptizo</span> <span class='ocrx_word' id='word_1_127' title='bbox 565 2630 600 2689; x_wconf 92' lang='lat' dir='ltr'>in</span> <span class='ocrx_word' id='word_1_128' title='bbox 617 2630 754 2691; x_wconf 83' lang='lat' dir='ltr'>nomine</span> <span class='ocrx_word' id='word_1_129' title='bbox 777 2628 891 2689; x_wconf 88' lang='lat' dir='ltr'>Patris</span> <span class='ocrx_word' id='word_1_130' title='bbox 914 2638 948 2689; x_wconf 89' lang='lat' dir='ltr'>et</span> <span class='ocrx_word' id='word_1_131' title='bbox 972 2626 1050 2688; x_wconf 91' lang='lat' dir='ltr'>Filii</span> <span class='ocrx_word' id='word_1_132' title='bbox 1080 2638 1115 2688; x_wconf 91' lang='lat' dir='ltr'>et</span> <span class='ocrx_word' id='word_1_133' title='bbox 1131 2625 1206 2707; x_wconf 88' lang='lat' dir='ltr'>Spi-</span> 
     </span>
     <span class='ocr_line' id='line_1_21' title="bbox 245 2732 1203 2815; baseline -0.002 -19"><span class='ocrx_word' id='word_1_134' title='bbox 245 2736 332 2797; x_wconf 92' lang='lat' dir='ltr'>ritus</span> <span class='ocrx_word' id='word_1_135' title='bbox 355 2733 482 2805; x_wconf 88' lang='lat' dir='ltr'>Sancti,</span> <span class='ocrx_word' id='word_1_136' title='bbox 512 2737 593 2815; x_wconf 85' lang='lat' dir='ltr'>quia</span> <span class='ocrx_word' id='word_1_137' title='bbox 615 2735 847 2815; x_wconf 89' lang='lat' dir='ltr'>cujuscunque</span> <span class='ocrx_word' id='word_1_138' title='bbox 880 2734 1038 2795; x_wconf 90' lang='lat' dir='ltr'>habentis</span> <span class='ocrx_word' id='word_1_139' title='bbox 1062 2732 1203 2795; x_wconf 77' lang='lat' dir='ltr'>[ormam</span> 
     </span>
     <span class='ocr_line' id='line_1_22' title="bbox 245 2840 1206 2911; baseline -0.001 -9"><span class='ocrx_word' id='word_1_140' title='bbox 245 2851 280 2902; x_wconf 92' lang='lat' dir='ltr'>et</span> <span class='ocrx_word' id='word_1_141' title='bbox 303 2843 488 2911; x_wconf 86' lang='lat' dir='ltr'>materiam,</span> <span class='ocrx_word' id='word_1_142' title='bbox 513 2842 607 2903; x_wconf 90' lang='lat' dir='ltr'>illius</span> <span class='ocrx_word' id='word_1_143' title='bbox 631 2840 741 2903; x_wconf 86' lang='lat' dir='ltr'>lorma</span> <span class='ocrx_word' id='word_1_144' title='bbox 761 2853 814 2903; x_wconf 89' lang='lat' dir='ltr'>est</span> <span class='ocrx_word' id='word_1_145' title='bbox 834 2842 870 2902; x_wconf 93' lang='lat' dir='ltr'>in</span> <span class='ocrx_word' id='word_1_146' title='bbox 890 2843 1044 2911; x_wconf 78' lang='lat' dir='ltr'>materia:</span> <span class='ocrx_word' id='word_1_147' title='bbox 1063 2840 1124 2902; x_wconf 89' lang='lat' dir='ltr'>sed</span> <span class='ocrx_word' id='word_1_148' title='bbox 1140 2842 1206 2902; x_wconf 88' lang='lat' dir='ltr'>ista</span> 
     </span>
     <span class='ocr_line' id='line_1_23' title="bbox 246 2948 1206 3028; baseline 0 -20"><span class='ocrx_word' id='word_1_149' title='bbox 246 2948 351 3009; x_wconf 86' lang='lat' dir='ltr'>verba</span> <span class='ocrx_word' id='word_1_150' title='bbox 375 2967 442 3009; x_wconf 91' lang='lat' dir='ltr'>non</span> <span class='ocrx_word' id='word_1_151' title='bbox 466 2958 547 3009; x_wconf 92' lang='lat' dir='ltr'>sunt</span> <span class='ocrx_word' id='word_1_152' title='bbox 569 2950 603 3009; x_wconf 94' lang='lat' dir='ltr'>in</span> <span class='ocrx_word' id='word_1_153' title='bbox 638 2950 780 3010; x_wconf 88' lang='lat' dir='ltr'>materia</span> <span class='ocrx_word' id='word_1_154' title='bbox 814 2948 993 3028; x_wconf 90' lang='lat' dir='ltr'>Baptismi,</span> <span class='ocrx_word' id='word_1_155' title='bbox 1028 2948 1110 3027; x_wconf 86' lang='lat' dir='ltr'>quia</span> <span class='ocrx_word' id='word_1_156' title='bbox 1143 2966 1206 3008; x_wconf 89' lang='lat' dir='ltr'>nec</span> 
     </span>
     <span class='ocr_line' id='line_1_24' title="bbox 245 3055 1061 3157; baseline -0.004 -40"><span class='ocrx_word' id='word_1_157' title='bbox 245 3064 326 3157; x_wconf 72' lang='lat' dir='ltr'>supt</span> <span class='ocrx_word' id='word_1_158' title='bbox 350 3056 384 3115; x_wconf 91' lang='lat' dir='ltr'>in</span> <span class='ocrx_word' id='word_1_159' title='bbox 408 3074 497 3135; x_wconf 87' lang='lat' dir='ltr'>aqua</span> <span class='ocrx_word' id='word_1_160' title='bbox 521 3074 582 3116; x_wconf 89' lang='lat' dir='ltr'>nee</span> <span class='ocrx_word' id='word_1_161' title='bbox 607 3057 641 3116; x_wconf 91' lang='lat' dir='ltr'>in</span> <span class='ocrx_word' id='word_1_162' title='bbox 666 3055 853 3127; x_wconf 87' lang='lat' dir='ltr'>ablutione;</span> <span class='ocrx_word' id='word_1_163' title='bbox 879 3073 973 3136; x_wconf 82' lang='lat' dir='ltr'>ergo,</span> <span class='ocrx_word' id='word_1_164' title='bbox 998 3063 1061 3115; x_wconf 90' lang='lat' dir='ltr'>etc.</span> 
     </span>
    </p>

    <p class='ocr_par' dir='ltr' id='par_1_7' title="bbox 339 3160 1201 3239">
     <span class='ocr_line' id='line_1_25' title="bbox 339 3160 1201 3239; baseline 0.003 -18"><span class='ocrx_word' id='word_1_165' title='bbox 339 3160 462 3222; x_wconf 81' lang='lat' dir='ltr'>Contra.</span> <span class='ocrx_word' id='word_1_166' title='bbox 488 3162 604 3223; x_wconf 73' lang='lat' dir='ltr'>Extra.</span> <span class='ocrx_word' id='word_1_167' title='bbox 630 3162 667 3221; x_wconf 85' lang='lat' dir='ltr'>de</span> <span class='ocrx_word' id='word_1_168' title='bbox 690 3163 851 3239; x_wconf 72' lang='lat' dir='ltr'>Baptismi&gt;</span> <span class='ocrx_word' id='word_1_169' title='bbox 883 3167 914 3221; x_wconf 81' lang='lat' dir='ltr'>et</span> <span class='ocrx_word' id='word_1_170' title='bbox 934 3163 1002 3238; x_wconf 85' lang='lat' dir='ltr'>ejus</span> <span class='ocrx_word' id='word_1_171' title='bbox 1036 3160 1201 3239; x_wconf 76' lang='lat' dir='ltr'>effectibus,</span> 
     </span>
    </p>
   </div>
   <div class='ocr_carea' id='block_1_7' title="bbox 244 3266 1294 3455">
    <p class='ocr_par' dir='ltr' id='par_1_8' title="bbox 244 3266 1294 3455">
     <span class='ocr_line' id='line_1_26' title="bbox 244 3266 1294 3348; baseline 0 -20"><span class='ocrx_word' id='word_1_172' title='bbox 244 3274 310 3345; x_wconf 78' lang='lat' dir='ltr'>cap.</span> <span class='ocrx_word' id='word_1_173' title='bbox 336 3266 376 3326; x_wconf 83' lang='lat' dir='ltr'>Si</span> <span class='ocrx_word' id='word_1_174' title='bbox 389 3270 468 3345; x_wconf 66' lang='lat' dir='ltr'>qmlr,</span> <span class='ocrx_word' id='word_1_175' title='bbox 497 3268 634 3331; x_wconf 90' lang='lat' dir='ltr'>dicitur:</span> <span class='ocrx_word' id='word_1_176' title='bbox 660 3270 689 3330; x_wconf 90' lang='lat' dir='ltr'>si</span> <span class='ocrx_word' id='word_1_177' title='bbox 713 3269 791 3348; x_wconf 93' lang='lat' dir='ltr'>quis</span> <span class='ocrx_word' id='word_1_178' title='bbox 802 3276 855 3329; x_wconf 90' lang='lat' dir='ltr'>ter</span> <span class='ocrx_word' id='word_1_179' title='bbox 876 3284 1019 3348; x_wconf 88' lang='lat' dir='ltr'>puerum</span> <span class='ocrx_word' id='word_1_180' title='bbox 1038 3269 1208 3329; x_wconf 78' lang='lat' dir='ltr'>immerse</span> <span class='ocrx_word' id='word_1_181' title='bbox 1293 3303 1294 3308; x_wconf 20' lang='grc' dir='ltr'><strong>κ</strong></span> 
     </span>
     <span class='ocr_line' id='line_1_27' title="bbox 245 3373 1294 3455; baseline 0 -20"><span class='ocrx_word' id='word_1_182' title='bbox 245 3376 290 3435; x_wconf 88' lang='lat' dir='ltr'>rit</span> <span class='ocrx_word' id='word_1_183' title='bbox 313 3374 347 3434; x_wconf 96' lang='lat' dir='ltr'>in</span> <span class='ocrx_word' id='word_1_184' title='bbox 373 3394 461 3455; x_wconf 83' lang='lat' dir='ltr'>aqua</span> <span class='ocrx_word' id='word_1_185' title='bbox 484 3377 518 3436; x_wconf 92' lang='lat' dir='ltr'>in</span> <span class='ocrx_word' id='word_1_186' title='bbox 544 3378 681 3437; x_wconf 92' lang='lat' dir='ltr'>nomine</span> <span class='ocrx_word' id='word_1_187' title='bbox 706 3375 819 3436; x_wconf 89' lang='lat' dir='ltr'>Patris</span> <span class='ocrx_word' id='word_1_188' title='bbox 842 3384 877 3436; x_wconf 89' lang='lat' dir='ltr'>et</span> <span class='ocrx_word' id='word_1_189' title='bbox 900 3373 978 3435; x_wconf 86' lang='lat' dir='ltr'>Filii</span> <span class='ocrx_word' id='word_1_190' title='bbox 1003 3383 1038 3435; x_wconf 90' lang='lat' dir='ltr'>et</span> <span class='ocrx_word' id='word_1_191' title='bbox 1055 3374 1208 3455; x_wconf 86' lang='lat' dir='ltr'>Spiritus</span> <span class='ocrx_word' id='word_1_192' title='bbox 1293 3399 1294 3452; x_wconf 65' lang='lat'><em>3</em></span> 
     </span>
    </p>
   </div>
   <div class='ocr_carea' id='block_1_8' title="bbox 246 3478 1207 3667">
    <p class='ocr_par' dir='ltr' id='par_1_9' title="bbox 246 3461 1294 3667">
     <span class='ocr_line' id='line_1_28' title="bbox 246 3478 1207 3563; baseline 0.001 -22"><span class='ocrx_word' id='word_1_193' title='bbox 246 3478 374 3549; x_wconf 85' lang='lat' dir='ltr'>Sancti,</span> <span class='ocrx_word' id='word_1_194' title='bbox 400 3492 434 3543; x_wconf 90' lang='lat' dir='ltr'>et</span> <span class='ocrx_word' id='word_1_195' title='bbox 456 3500 524 3543; x_wconf 90' lang='lat' dir='ltr'>non</span> <span class='ocrx_word' id='word_1_196' title='bbox 549 3482 689 3543; x_wconf 81' lang='lat' dir='ltr'>dixerit:</span> <span class='ocrx_word' id='word_1_197' title='bbox 714 3501 781 3563; x_wconf 84' lang='lat' dir='ltr'>ego</span> <span class='ocrx_word' id='word_1_198' title='bbox 805 3490 838 3541; x_wconf 91' lang='lat' dir='ltr'>te</span> <span class='ocrx_word' id='word_1_199' title='bbox 871 3481 1008 3561; x_wconf 87' lang='lat' dir='ltr'>baptizo</span> <span class='ocrx_word' id='word_1_200' title='bbox 1042 3492 1107 3541; x_wconf 86' lang='lat' dir='ltr'>etc.</span> <span class='ocrx_word' id='word_1_201' title='bbox 1138 3500 1207 3542; x_wconf 93' lang='lat' dir='ltr'>non</span> 
     </span>
     <span class='ocr_line' id='line_1_29' title="bbox 246 3588 733 3667; baseline 0.008 -21"><span class='ocrx_word' id='word_1_202' title='bbox 246 3594 298 3647; x_wconf 88' lang='lat' dir='ltr'>est</span> <span class='ocrx_word' id='word_1_203' title='bbox 322 3604 406 3665; x_wconf 91' lang='lat' dir='ltr'>puer</span> <span class='ocrx_word' id='word_1_204' title='bbox 428 3588 630 3667; x_wconf 84' lang='lat' dir='ltr'>baptizatus.</span> <span class='ocrx_word' id='word_1_205' title='bbox 731 3657 733 3664; x_wconf 54' lang='grc'>,</span> 
     </span>
    </p>
   </div>
   <div class='ocr_carea' id='block_1_9' title="bbox 0 0 1306 4200">
    <p class='ocr_par' dir='ltr' id='par_1_10' title="bbox 0 0 1306 4200">
     <span class='ocr_line' id='line_1_30' title="bbox 0 0 1306 4200; baseline 0 0"><span class='ocrx_word' id='word_1_206' title='bbox 0 0 1306 4200; x_wconf 95' lang='lat' dir='ltr'> </span> 
     </span>
    </p>
   </div>
  </div>
 </body>
</html>
