2600 4200
220 245 276 286 ιη
453 225 527 286 1⁴13.
553 224 606 287 IV
631 224 936 287 Srursunmtuu

198 409 201 414 '
285 403 398 462 Contra
423 406 514 463 istam
538 405 713 481 opinionem
737 405 894 485 arguitur
923 406 987 466 sic:
1019 402 1152 486 Suppo-

190 512 268 578 sito,
297 511 482 572 secundum
518 529 587 581 eos,
623 492 716 590 quod
749 512 1068 573 transubstantiatio
1098 519 1152 572 est

190 619 335 678 mutatio
359 616 595 678 substantialis
611 635 651 678 eo
668 617 770 677 modo
782 636 851 697 quo
862 618 1060 679 conceditur
1075 637 1151 679 esse

190 723 345 792 mutatio,
370 732 452 784 tunc
476 717 633 804 arguitur
657 724 720 786 sic:
746 723 812 784 Per
836 722 964 785 nullam
995 726 1152 786 mutatio·

191 849 269 891 nem
290 849 351 910 per
374 849 411 891 se
434 829 579 891 habetur
602 830 637 890 id
661 830 752 910 quod
775 839 828 891 est
851 850 912 912 per
936 850 973 892 se
996 831 1090 892 aliud
1116 841 1150 892 et

191 938 363 1017 posterius
386 955 490 1015 aper
513 955 549 996 se
574 937 720 997 termino
744 938 957 1008 mutationis;
982 939 1043 999 sed
1069 957 1152 1018 prae·

191 1044 302 1104 sentia
325 1041 487 1122 Corporis
511 1040 637 1104 Christi
663 1052 716 1103 est
739 1045 909 1123 posterior
931 1053 966 1104 et
989 1054 1042 1105 est
1057 1045 1150 1105 aliud

190 1149 392 1230 simpliciter
415 1168 436 1209 a
458 1149 651 1210 substantia
673 1168 750 1229 quae
772 1159 826 1211 est
849 1169 910 1230 per
933 1169 970 1210 se
985 1152 1151 1212 terminus
1260 1187 1270 1201 ·

190 1256 551 1327 transustantiationis;
577 1274 671 1337 ergo.
697 1256 806 1333 Major
827 1265 922 1336 patet
945 1258 1026 1337 quia
1050 1258 1151 1318 unius

192 1364 394 1424 mutationis
416 1381 478 1442 per
501 1381 538 1422 se
562 1374 614 1423 est
638 1381 728 1423 unus
751 1381 812 1442 per
836 1382 872 1424 se
895 1364 1070 1425 terminus.
1089 1363 1152 1423 Mi-

190 1489 250 1529 nor
272 1471 374 1529 etiam
398 1477 505 1549 patet;
532 1488 609 1530 nam
641 1469 836 1548 hujusmodi
867 1472 1052 1550 praesentia
1081 1489 1150 1532 non

189 1585 243 1638 est
282 1576 473 1637 substantia
511 1577 620 1656 panis,
657 1585 695 1638 ut
728 1575 945 1638 manifestum
977 1588 1039 1647 est,
1071 1580 1152 1657 quia

190 1681 328 1763 quando
352 1682 544 1744 substantia
566 1683 667 1763 panis
691 1702 758 1743 non
783 1694 846 1753 est,
871 1685 937 1744 ista
967 1687 1152 1763 praesentia

190 1799 257 1861 est3
283 1808 344 1849 nec
369 1789 435 1850 ista
457 1791 643 1868 praesentia
677 1796 730 1850 est
764 1790 957 1852 substantia
990 1788 1152 1870 Corporis

190 1895 328 1966 Christi,
353 1897 434 1975 quia
464 1895 659 1974 hujusmodi
694 1896 886 1958 substantia
919 1894 984 1957 fuit
1015 1897 1151 1977 quando

190 2003 372 2083 praesentia
396 2021 464 2063 non
488 1999 562 2063 fuit.

279 2110 449 2180 Proeterea,
474 2109 569 2171 Deus
600 2118 714 2190 potest
748 2108 859 2172 iacere
893 2129 1017 2192 corpus
1051 2129 1150 2173 suum

190 2235 346 2297 praesens
368 2236 446 2278 cum
471 2236 558 2297 pane
583 2225 742 2279 manente
765 2218 958 2279 substantia
980 2219 1089 2297 panis,
1116 2227 1152 2279 et

190 2332 272 2384 tunc
295 2322 359 2384 hoc
384 2342 452 2384 non
476 2324 541 2383 erit
564 2341 624 2402 per
648 2323 798 2403 aliquam
822 2324 1043 2385 mutationem
1072 2343 1151 2403 quae

190 2427 229 2512 fit
257 2430 299 2489 ad
328 2430 553 2491 substantiam
578 2439 615 2490 ut
639 2429 682 2490 ad
705 2431 888 2491 terminum
914 2449 976 2511 per
991 2449 1038 2502 se,
1056 2441 1090 2492 et
1104 2440 1153 2493 ta·

190 2554 268 2597 men
293 2555 354 2616 per
384 2516 483 2597 istam
520 2537 751 2616 acquireretur
784 2538 967 2616 praesentia
999 2537 1151 2617 ejusdem

190 2642 333 2704 rationis
357 2660 434 2703 eum
458 2641 518 2703 illa
540 2660 618 2722 quae
636 2662 726 2703 nunc
742 2642 898 2715 habetur;
916 2662 1001 2725 ergo
1017 2653 1152 2724 oportet

191 2749 284 2830 quod
307 2768 368 2829 per
393 2750 615 2809 mutationem
633 2748 799 2829 [ejusdem
816 2750 972 2822 rationis;
990 2769 1075 2832 ergo
1090 2769 1152 2831 per

191 2854 292 2917 aliam
316 2853 413 2916 fieret
436 2873 538 2936 quam
562 2874 623 2935 per
635 2854 873 2937 mutationem]
889 2854 933 2936 (1)
949 2857 1153 2918 substantia·

191 2962 267 3022 lem.
293 2961 440 3021 Proban'o
464 2964 610 3039 majans:
636 2961 695 3024 Ad
731 2963 917 3023 novitatem
952 2965 1152 3043 posterioris

192 3088 259 3131 non
284 3070 438 3148 sequitur
463 3070 598 3130 novitas
621 3069 756 3149 prioris
782 3080 819 3129 ut
850 3079 944 3149 patet
973 3074 1003 3131 8.
1036 3069 1152 3148 Phys.,·

191 3175 255 3236 sed.
276 3176 342 3237 ista
375 3176 638 3255 praesentiaiitas
672 3184 724 3237 est
757 3177 926 3256 posterior
960 3176 1153 3248 subnntia

190 3282 290 3362 panis
315 3283 402 3343 sicut
426 3290 601 3362 respectus
625 3291 678 3343 est
693 3285 862 3363 posterior
877 3283 1049 3355 absoluto;
1066 3301 1151 3363 ergo

191 3390 266 3449 sine
285 3391 488 3451 ¹mutatione
523 3389 638 3468 aliqua
671 3389 762 3450 circa
795 3390 1020 3451 substantiam
1051 3391 1152 3469 panis

244 3633 274 3685 (1)
289 3631 334 3673 t't'r.
352 3634 413 3674 Scor.
430 3634 449 3674 i.
466 3601 567 3673 distslss.
584 3644 604 3686 q.
622 3632 640 3672 l.
658 3634 708 3673 n.7
