<?xml version="1.0" encoding="UTF-8"?>
<!DOCTYPE html PUBLIC "-//W3C//DTD XHTML 1.0 Transitional//EN"
    "http://www.w3.org/TR/xhtml1/DTD/xhtml1-transitional.dtd">
<html xmlns="http://www.w3.org/1999/xhtml" xml:lang="en" lang="en">
 <head>
  <title>
</title>
<meta http-equiv="Content-Type" content="text/html;charset=utf-8" />
  <meta name='ocr-system' content='tesseract 3.04.00' />
  <meta name='ocr-capabilities' content='ocr_page ocr_carea ocr_par ocr_line ocrx_word'/>
</head>
<body>
  <div class='ocr_page' id='page_1' title='image "./commentariainli02scotgoog_0121.png"; bbox 0 0 2600 4200; ppageno 0'>
   <div class='ocr_carea' id='block_1_1' title="bbox 344 239 1090 322">
    <p class='ocr_par' dir='ltr' id='par_1_1' title="bbox 344 239 1090 322">
     <span class='ocr_line' id='line_1_1' title="bbox 344 239 1090 322; baseline 0.008 -22"><span class='ocrx_word' id='word_1_1' title='bbox 344 239 532 303; x_wconf 69' lang='lat' dir='ltr'>Discincr.</span> <span class='ocrx_word' id='word_1_2' title='bbox 557 241 636 303; x_wconf 88' lang='lat' dir='ltr'>Xili</span> <span class='ocrx_word' id='word_1_3' title='bbox 662 240 809 322; x_wconf 68' lang='lat' dir='ltr'>Quffis‘r.</span> <span class='ocrx_word' id='word_1_4' title='bbox 834 243 847 304; x_wconf 93' lang='lat'><em>1</em></span> <span class='ocrx_word' id='word_1_5' title='bbox 1032 256 1090 322; x_wconf 86' lang='lat'>105</span> 
     </span>
    </p>
   </div>
   <div class='ocr_carea' id='block_1_2' title="bbox 946 361 1116 370">
    <p class='ocr_par' dir='ltr' id='par_1_2' title="bbox 946 361 1116 370">
     <span class='ocr_line' id='line_1_2' title="bbox 946 361 1116 370; baseline 0.012 -2"><span class='ocrx_word' id='word_1_6' title='bbox 946 361 1116 370; x_wconf 48' lang='lat' dir='ltr'>*ffl—</span> 
     </span>
    </p>
   </div>
   <div class='ocr_carea' id='block_1_3' title="bbox 132 445 1115 2023">
    <p class='ocr_par' dir='ltr' id='par_1_3' title="bbox 132 445 1112 740">
     <span class='ocr_line' id='line_1_3' title="bbox 132 445 1111 520; baseline 0.005 -13"><span class='ocrx_word' id='word_1_7' title='bbox 132 445 252 507; x_wconf 89' lang='lat' dir='ltr'>niatur</span> <span class='ocrx_word' id='word_1_8' title='bbox 277 445 321 506; x_wconf 89' lang='lat' dir='ltr'>ad</span> <span class='ocrx_word' id='word_1_9' title='bbox 345 445 509 520; x_wconf 85' lang='lat' dir='ltr'>ultimum,</span> <span class='ocrx_word' id='word_1_10' title='bbox 522 465 599 508; x_wconf 87' lang='lat' dir='ltr'>curn</span> <span class='ocrx_word' id='word_1_11' title='bbox 623 455 735 509; x_wconf 90' lang='lat' dir='ltr'>autem</span> <span class='ocrx_word' id='word_1_12' title='bbox 759 448 940 512; x_wconf 88' lang='lat' dir='ltr'>deductum</span> <span class='ocrx_word' id='word_1_13' title='bbox 965 447 1059 512; x_wconf 88' lang='lat' dir='ltr'>luerit</span> <span class='ocrx_word' id='word_1_14' title='bbox 1071 449 1111 512; x_wconf 90' lang='lat' dir='ltr'>ad</span> 
     </span>
     <span class='ocr_line' id='line_1_4' title="bbox 132 551 1112 638; baseline 0.004 -24"><span class='ocrx_word' id='word_1_15' title='bbox 132 552 301 614; x_wconf 89' lang='lat' dir='ltr'>ultimum</span> <span class='ocrx_word' id='word_1_16' title='bbox 326 551 466 632; x_wconf 83' lang='lat' dir='ltr'>gradum</span> <span class='ocrx_word' id='word_1_17' title='bbox 489 553 571 615; x_wconf 89' lang='lat' dir='ltr'>alius</span> <span class='ocrx_word' id='word_1_18' title='bbox 593 573 661 616; x_wconf 91' lang='lat' dir='ltr'>non</span> <span class='ocrx_word' id='word_1_19' title='bbox 675 563 783 635; x_wconf 90' lang='lat' dir='ltr'>potest</span> <span class='ocrx_word' id='word_1_20' title='bbox 806 555 882 618; x_wconf 90' lang='lat' dir='ltr'>addi</span> <span class='ocrx_word' id='word_1_21' title='bbox 907 555 986 638; x_wconf 89' lang='lat' dir='ltr'>quin</span> <span class='ocrx_word' id='word_1_22' title='bbox 1011 556 1112 618; x_wconf 88' lang='lat' dir='ltr'>varie-</span> 
     </span>
     <span class='ocr_line' id='line_1_5' title="bbox 132 655 541 740; baseline 0.007 -20"><span class='ocrx_word' id='word_1_23' title='bbox 132 667 192 720; x_wconf 85' lang='lat' dir='ltr'>tur</span> <span class='ocrx_word' id='word_1_24' title='bbox 219 655 330 720; x_wconf 84' lang='lat' dir='ltr'>lorma</span> <span class='ocrx_word' id='word_1_25' title='bbox 353 666 387 719; x_wconf 91' lang='lat' dir='ltr'>et</span> <span class='ocrx_word' id='word_1_26' title='bbox 409 657 541 740; x_wconf 72' lang='lat' dir='ltr'>species</span> 
     </span>
    </p>

    <p class='ocr_par' dir='ltr' id='par_1_4' title="bbox 133 765 1115 1382">
     <span class='ocr_line' id='line_1_6' title="bbox 209 765 1115 854; baseline 0.006 -29"><span class='ocrx_word' id='word_1_27' title='bbox 209 765 272 826; x_wconf 77' lang='lat' dir='ltr'>Ad</span> <span class='ocrx_word' id='word_1_28' title='bbox 292 765 424 827; x_wconf 79' lang='lat' dir='ltr'>tertium</span> <span class='ocrx_word' id='word_1_29' title='bbox 447 765 522 828; x_wconf 89' lang='lat' dir='ltr'>dico</span> <span class='ocrx_word' id='word_1_30' title='bbox 544 767 636 849; x_wconf 90' lang='lat' dir='ltr'>quod</span> <span class='ocrx_word' id='word_1_31' title='bbox 661 787 727 830; x_wconf 89' lang='lat' dir='ltr'>non</span> <span class='ocrx_word' id='word_1_32' title='bbox 751 777 799 832; x_wconf 92' lang='lat' dir='ltr'>est</span> <span class='ocrx_word' id='word_1_33' title='bbox 822 767 925 854; x_wconf 74' lang='lat' dir='ltr'>simile</span> <span class='ocrx_word' id='word_1_34' title='bbox 947 769 989 831; x_wconf 88' lang='lat' dir='ltr'>de</span> <span class='ocrx_word' id='word_1_35' title='bbox 1013 767 1115 830; x_wconf 87' lang='lat' dir='ltr'>inlini-</span> 
     </span>
     <span class='ocr_line' id='line_1_7' title="bbox 133 872 1115 956; baseline 0.004 -22"><span class='ocrx_word' id='word_1_36' title='bbox 133 881 210 934; x_wconf 83' lang='lat' dir='ltr'>tate</span> <span class='ocrx_word' id='word_1_37' title='bbox 233 872 395 933; x_wconf 82' lang='lat' dir='ltr'>intensiva</span> <span class='ocrx_word' id='word_1_38' title='bbox 416 881 450 934; x_wconf 94' lang='lat' dir='ltr'>et</span> <span class='ocrx_word' id='word_1_39' title='bbox 471 874 649 948; x_wconf 87' lang='lat' dir='ltr'>extensiva,</span> <span class='ocrx_word' id='word_1_40' title='bbox 676 873 753 956; x_wconf 87' lang='lat' dir='ltr'>quia</span> <span class='ocrx_word' id='word_1_41' title='bbox 776 873 811 937; x_wconf 92' lang='lat' dir='ltr'>in</span> <span class='ocrx_word' id='word_1_42' title='bbox 824 873 983 938; x_wconf 85' lang='lat' dir='ltr'>infinitate</span> <span class='ocrx_word' id='word_1_43' title='bbox 1002 885 1115 938; x_wconf 88' lang='lat' dir='ltr'>exten·</span> 
     </span>
     <span class='ocr_line' id='line_1_8' title="bbox 133 978 1113 1064; baseline 0.004 -24"><span class='ocrx_word' id='word_1_44' title='bbox 133 979 213 1040; x_wconf 87' lang='lat' dir='ltr'>siva</span> <span class='ocrx_word' id='word_1_45' title='bbox 235 978 441 1059; x_wconf 87' lang='lat' dir='ltr'>accipiuntur</span> <span class='ocrx_word' id='word_1_46' title='bbox 474 991 582 1060; x_wconf 89' lang='lat' dir='ltr'>partes</span> <span class='ocrx_word' id='word_1_47' title='bbox 617 980 802 1042; x_wconf 84' lang='lat' dir='ltr'>materiales</span> <span class='ocrx_word' id='word_1_48' title='bbox 827 981 858 1043; x_wconf 93' lang='lat' dir='ltr'>in</span> <span class='ocrx_word' id='word_1_49' title='bbox 893 981 1013 1064; x_wconf 88' lang='lat' dir='ltr'>quibus</span> <span class='ocrx_word' id='word_1_50' title='bbox 1036 1003 1113 1044; x_wconf 88' lang='lat' dir='ltr'>con·</span> 
     </span>
     <span class='ocr_line' id='line_1_9' title="bbox 133 1085 1111 1166; baseline 0.005 -20"><span class='ocrx_word' id='word_1_51' title='bbox 133 1085 241 1165; x_wconf 84' lang='lat' dir='ltr'>tingit</span> <span class='ocrx_word' id='word_1_52' title='bbox 264 1105 435 1166; x_wconf 85' lang='lat' dir='ltr'>processus</span> <span class='ocrx_word' id='word_1_53' title='bbox 447 1086 478 1148; x_wconf 94' lang='lat' dir='ltr'>in</span> <span class='ocrx_word' id='word_1_54' title='bbox 503 1085 676 1162; x_wconf 84' lang='lat' dir='ltr'>infinitum,</span> <span class='ocrx_word' id='word_1_55' title='bbox 701 1087 734 1150; x_wconf 93' lang='lat' dir='ltr'>in</span> <span class='ocrx_word' id='word_1_56' title='bbox 747 1085 909 1152; x_wconf 85' lang='lat' dir='ltr'>infinitate</span> <span class='ocrx_word' id='word_1_57' title='bbox 933 1097 1046 1150; x_wconf 89' lang='lat' dir='ltr'>autem</span> <span class='ocrx_word' id='word_1_58' title='bbox 1063 1088 1111 1152; x_wconf 95' lang='lat' dir='ltr'>in-</span> 
     </span>
     <span class='ocr_line' id='line_1_10' title="bbox 134 1191 1109 1278; baseline 0.005 -25"><span class='ocrx_word' id='word_1_59' title='bbox 134 1191 271 1253; x_wconf 78' lang='lat' dir='ltr'>tensiva</span> <span class='ocrx_word' id='word_1_60' title='bbox 304 1192 508 1272; x_wconf 87' lang='lat' dir='ltr'>accipiuntur</span> <span class='ocrx_word' id='word_1_61' title='bbox 542 1203 650 1274; x_wconf 89' lang='lat' dir='ltr'>partes</span> <span class='ocrx_word' id='word_1_62' title='bbox 673 1193 826 1256; x_wconf 83' lang='lat' dir='ltr'>formales</span> <span class='ocrx_word' id='word_1_63' title='bbox 860 1195 893 1257; x_wconf 93' lang='lat' dir='ltr'>in</span> <span class='ocrx_word' id='word_1_64' title='bbox 918 1194 1038 1278; x_wconf 89' lang='lat' dir='ltr'>quibus</span> <span class='ocrx_word' id='word_1_65' title='bbox 1061 1205 1109 1258; x_wconf 90' lang='lat' dir='ltr'>est</span> 
     </span>
     <span class='ocr_line' id='line_1_11' title="bbox 134 1299 786 1382; baseline 0.003 -22"><span class='ocrx_word' id='word_1_66' title='bbox 134 1307 257 1369; x_wconf 85' lang='lat' dir='ltr'>status,</span> <span class='ocrx_word' id='word_1_67' title='bbox 283 1319 341 1379; x_wconf 81' lang='lat' dir='ltr'>per</span> <span class='ocrx_word' id='word_1_68' title='bbox 365 1299 601 1382; x_wconf 82' lang='lat' dir='ltr'>Philosophum</span> <span class='ocrx_word' id='word_1_69' title='bbox 621 1319 656 1378; x_wconf 71' lang='lat' dir='ltr'>j.</span> <span class='ocrx_word' id='word_1_70' title='bbox 684 1299 786 1382; x_wconf 76' lang='lat' dir='ltr'>Pltys.</span> 
     </span>
    </p>

    <p class='ocr_par' dir='ltr' id='par_1_5' title="bbox 134 1403 1113 2023">
     <span class='ocr_line' id='line_1_12' title="bbox 209 1403 1110 1487; baseline 0.008 -23"><span class='ocrx_word' id='word_1_71' title='bbox 209 1403 272 1466; x_wconf 76' lang='lat' dir='ltr'>Ad</span> <span class='ocrx_word' id='word_1_72' title='bbox 290 1414 445 1486; x_wconf 82' lang='lat' dir='ltr'>quartum</span> <span class='ocrx_word' id='word_1_73' title='bbox 479 1417 587 1487; x_wconf 88' lang='lat' dir='ltr'>potest</span> <span class='ocrx_word' id='word_1_74' title='bbox 609 1407 674 1470; x_wconf 92' lang='lat' dir='ltr'>dici</span> <span class='ocrx_word' id='word_1_75' title='bbox 714 1407 831 1470; x_wconf 90' lang='lat' dir='ltr'>eodem</span> <span class='ocrx_word' id='word_1_76' title='bbox 856 1409 966 1482; x_wconf 91' lang='lat' dir='ltr'>mod0,</span> <span class='ocrx_word' id='word_1_77' title='bbox 999 1419 1110 1472; x_wconf 86' lang='lat' dir='ltr'>tamen</span> 
     </span>
     <span class='ocr_line' id='line_1_13' title="bbox 134 1511 1113 1596; baseline 0.006 -23"><span class='ocrx_word' id='word_1_78' title='bbox 134 1511 236 1573; x_wconf 86' lang='lat' dir='ltr'>aliter</span> <span class='ocrx_word' id='word_1_79' title='bbox 259 1520 369 1592; x_wconf 89' lang='lat' dir='ltr'>potest</span> <span class='ocrx_word' id='word_1_80' title='bbox 391 1511 453 1574; x_wconf 90' lang='lat' dir='ltr'>dici</span> <span class='ocrx_word' id='word_1_81' title='bbox 476 1511 531 1576; x_wconf 92' lang='lat' dir='ltr'>sic:</span> <span class='ocrx_word' id='word_1_82' title='bbox 556 1513 634 1575; x_wconf 85' lang='lat' dir='ltr'>dato</span> <span class='ocrx_word' id='word_1_83' title='bbox 645 1513 736 1596; x_wconf 90' lang='lat' dir='ltr'>quod</span> <span class='ocrx_word' id='word_1_84' title='bbox 766 1513 870 1576; x_wconf 83' lang='lat' dir='ltr'>forma</span> <span class='ocrx_word' id='word_1_85' title='bbox 894 1516 1113 1579; x_wconf 89' lang='lat' dir='ltr'>substantialis</span> 
     </span>
     <span class='ocr_line' id='line_1_14' title="bbox 135 1617 1110 1704; baseline 0.006 -24"><span class='ocrx_word' id='word_1_86' title='bbox 135 1628 173 1680; x_wconf 89' lang='lat' dir='ltr'>et</span> <span class='ocrx_word' id='word_1_87' title='bbox 197 1617 406 1680; x_wconf 86' lang='lat' dir='ltr'>accidentalis</span> <span class='ocrx_word' id='word_1_88' title='bbox 429 1639 495 1682; x_wconf 92' lang='lat' dir='ltr'>non</span> <span class='ocrx_word' id='word_1_89' title='bbox 519 1619 712 1682; x_wconf 86' lang='lat' dir='ltr'>determinet</span> <span class='ocrx_word' id='word_1_90' title='bbox 734 1620 794 1683; x_wconf 91' lang='lat' dir='ltr'>sibi</span> <span class='ocrx_word' id='word_1_91' title='bbox 817 1623 1031 1704; x_wconf 82' lang='lat' dir='ltr'>quantitatem</span> <span class='ocrx_word' id='word_1_92' title='bbox 1051 1643 1110 1686; x_wconf 85' lang='lat' dir='ltr'>nec</span> 
     </span>
     <span class='ocr_line' id='line_1_15' title="bbox 137 1724 1111 1810; baseline 0.008 -26"><span class='ocrx_word' id='word_1_93' title='bbox 137 1724 286 1806; x_wconf 84' lang='lat' dir='ltr'>gradum</span> <span class='ocrx_word' id='word_1_94' title='bbox 309 1725 509 1806; x_wconf 85' lang='lat' dir='ltr'>quantitatis,</span> <span class='ocrx_word' id='word_1_95' title='bbox 532 1735 643 1788; x_wconf 90' lang='lat' dir='ltr'>tamen</span> <span class='ocrx_word' id='word_1_96' title='bbox 667 1725 773 1790; x_wconf 77' lang='lat' dir='ltr'>forma</span> <span class='ocrx_word' id='word_1_97' title='bbox 799 1748 875 1810; x_wconf 85' lang='lat' dir='ltr'>quae</span> <span class='ocrx_word' id='word_1_98' title='bbox 915 1729 1039 1792; x_wconf 84' lang='lat' dir='ltr'>realiter</span> <span class='ocrx_word' id='word_1_99' title='bbox 1062 1739 1111 1792; x_wconf 91' lang='lat' dir='ltr'>est</span> 
     </span>
     <span class='ocr_line' id='line_1_16' title="bbox 134 1831 1109 1914; baseline 0.006 -22"><span class='ocrx_word' id='word_1_100' title='bbox 134 1831 292 1912; x_wconf 77' lang='lat' dir='ltr'>qualitas,</span> <span class='ocrx_word' id='word_1_101' title='bbox 317 1831 400 1893; x_wconf 91' lang='lat' dir='ltr'>sicut</span> <span class='ocrx_word' id='word_1_102' title='bbox 422 1841 470 1893; x_wconf 82' lang='lat' dir='ltr'>est</span> <span class='ocrx_word' id='word_1_103' title='bbox 482 1831 595 1914; x_wconf 83' lang='lat' dir='ltr'>gratia,</span> <span class='ocrx_word' id='word_1_104' title='bbox 621 1833 653 1895; x_wconf 95' lang='lat' dir='ltr'>in</span> <span class='ocrx_word' id='word_1_105' title='bbox 676 1853 735 1896; x_wconf 85' lang='lat' dir='ltr'>sua</span> <span class='ocrx_word' id='word_1_106' title='bbox 759 1843 873 1898; x_wconf 87' lang='lat' dir='ltr'>natura</span> <span class='ocrx_word' id='word_1_107' title='bbox 890 1835 988 1898; x_wconf 87' lang='lat' dir='ltr'>habet</span> <span class='ocrx_word' id='word_1_108' title='bbox 1004 1836 1109 1898; x_wconf 87' lang='lat' dir='ltr'>deter-</span> 
     </span>
     <span class='ocr_line' id='line_1_17' title="bbox 137 1938 960 2023; baseline 0.006 -24"><span class='ocrx_word' id='word_1_109' title='bbox 137 1938 303 2000; x_wconf 81' lang='lat' dir='ltr'>minatam</span> <span class='ocrx_word' id='word_1_110' title='bbox 327 1939 544 2019; x_wconf 87' lang='lat' dir='ltr'>quantitatem</span> <span class='ocrx_word' id='word_1_111' title='bbox 566 1949 600 2002; x_wconf 89' lang='lat' dir='ltr'>et</span> <span class='ocrx_word' id='word_1_112' title='bbox 622 1941 764 2022; x_wconf 85' lang='lat' dir='ltr'>gradum</span> <span class='ocrx_word' id='word_1_113' title='bbox 788 1942 960 2023; x_wconf 87' lang='lat' dir='ltr'>qualitatis.</span> 
     </span>
    </p>
   </div>
   <div class='ocr_carea' id='block_1_4' title="bbox 134 2152 1113 3409">
    <p class='ocr_par' dir='ltr' id='par_1_6' title="bbox 134 2152 1110 2554">
     <span class='ocr_line' id='line_1_18' title="bbox 214 2152 1110 2223; baseline 0.007 -7"><span class='ocrx_word' id='word_1_114' title='bbox 214 2152 282 2217; x_wconf 84' lang='lat' dir='ltr'>De</span> <span class='ocrx_word' id='word_1_115' title='bbox 303 2152 496 2217; x_wconf 68' lang='lat' dir='ltr'>secundo</span> <span class='ocrx_word' id='word_1_116' title='bbox 518 2153 719 2219; x_wconf 71' lang='lat' dir='ltr'>Artt&#39;oulo</span> <span class='ocrx_word' id='word_1_117' title='bbox 742 2155 815 2218; x_wconf 92' lang='lat' dir='ltr'>dico</span> <span class='ocrx_word' id='word_1_118' title='bbox 838 2157 921 2219; x_wconf 89' lang='lat' dir='ltr'>sicut</span> <span class='ocrx_word' id='word_1_119' title='bbox 941 2156 1110 2223; x_wconf 84' lang='lat' dir='ltr'>dicebatur</span> 
     </span>
     <span class='ocr_line' id='line_1_19' title="bbox 134 2258 1108 2347; baseline 0.006 -26"><span class='ocrx_word' id='word_1_120' title='bbox 134 2260 169 2325; x_wconf 83' lang='lat' dir='ltr'>in</span> <span class='ocrx_word' id='word_1_121' title='bbox 196 2258 359 2340; x_wconf 89' lang='lat' dir='ltr'>principio</span> <span class='ocrx_word' id='word_1_122' title='bbox 374 2259 573 2340; x_wconf 80' lang='lat' dir='ltr'>quaestionis,</span> <span class='ocrx_word' id='word_1_123' title='bbox 589 2262 680 2343; x_wconf 93' lang='lat' dir='ltr'>quod</span> <span class='ocrx_word' id='word_1_124' title='bbox 692 2282 861 2325; x_wconf 91' lang='lat' dir='ltr'>summum</span> <span class='ocrx_word' id='word_1_125' title='bbox 873 2263 990 2326; x_wconf 89' lang='lat' dir='ltr'>dicitur</span> <span class='ocrx_word' id='word_1_126' title='bbox 1004 2266 1108 2347; x_wconf 92' lang='lat' dir='ltr'>dupli-</span> 
     </span>
     <span class='ocr_line' id='line_1_20' title="bbox 134 2364 1106 2449; baseline 0.008 -22"><span class='ocrx_word' id='word_1_127' title='bbox 134 2366 228 2439; x_wconf 85' lang='lat' dir='ltr'>citer,</span> <span class='ocrx_word' id='word_1_128' title='bbox 254 2364 375 2427; x_wconf 89' lang='lat' dir='ltr'>scilicet</span> <span class='ocrx_word' id='word_1_129' title='bbox 398 2364 535 2446; x_wconf 88' lang='lat' dir='ltr'>positive</span> <span class='ocrx_word' id='word_1_130' title='bbox 557 2367 634 2449; x_wconf 88' lang='lat' dir='ltr'>quia</span> <span class='ocrx_word' id='word_1_131' title='bbox 669 2369 799 2431; x_wconf 84' lang='lat' dir='ltr'>excedit</span> <span class='ocrx_word' id='word_1_132' title='bbox 829 2390 927 2433; x_wconf 89' lang='lat' dir='ltr'>omne</span> <span class='ocrx_word' id='word_1_133' title='bbox 950 2372 1048 2446; x_wconf 88' lang='lat' dir='ltr'>aliud,</span> <span class='ocrx_word' id='word_1_134' title='bbox 1073 2383 1106 2435; x_wconf 88' lang='lat' dir='ltr'>et</span> 
     </span>
     <span class='ocr_line' id='line_1_21' title="bbox 141 2471 920 2554; baseline 0.005 -20"><span class='ocrx_word' id='word_1_135' title='bbox 141 2471 300 2554; x_wconf 82' lang='lat' dir='ltr'>negative</span> <span class='ocrx_word' id='word_1_136' title='bbox 322 2471 400 2553; x_wconf 87' lang='lat' dir='ltr'>quia</span> <span class='ocrx_word' id='word_1_137' title='bbox 423 2492 489 2535; x_wconf 92' lang='lat' dir='ltr'>non</span> <span class='ocrx_word' id='word_1_138' title='bbox 513 2481 621 2554; x_wconf 88' lang='lat' dir='ltr'>potest</span> <span class='ocrx_word' id='word_1_139' title='bbox 643 2474 758 2537; x_wconf 85' lang='lat' dir='ltr'>excedi</span> <span class='ocrx_word' id='word_1_140' title='bbox 782 2476 824 2537; x_wconf 87' lang='lat' dir='ltr'>ab</span> <span class='ocrx_word' id='word_1_141' title='bbox 847 2476 920 2539; x_wconf 91' lang='lat' dir='ltr'>alio.</span> 
     </span>
    </p>

    <p class='ocr_par' dir='ltr' id='par_1_7' title="bbox 135 2578 1112 2981">
     <span class='ocr_line' id='line_1_22' title="bbox 208 2578 1112 2661; baseline 0.008 -21"><span class='ocrx_word' id='word_1_142' title='bbox 208 2578 327 2641; x_wconf 84' lang='lat' dir='ltr'>Primo</span> <span class='ocrx_word' id='word_1_143' title='bbox 351 2578 442 2641; x_wconf 85' lang='lat' dir='ltr'>modo</span> <span class='ocrx_word' id='word_1_144' title='bbox 465 2578 539 2641; x_wconf 89' lang='lat' dir='ltr'>dico</span> <span class='ocrx_word' id='word_1_145' title='bbox 563 2580 653 2661; x_wconf 91' lang='lat' dir='ltr'>quod</span> <span class='ocrx_word' id='word_1_146' title='bbox 678 2582 798 2643; x_wconf 88' lang='lat' dir='ltr'>animae</span> <span class='ocrx_word' id='word_1_147' title='bbox 823 2581 940 2647; x_wconf 86' lang='lat' dir='ltr'>Christi</span> <span class='ocrx_word' id='word_1_148' title='bbox 965 2584 1112 2647; x_wconf 86' lang='lat' dir='ltr'>nonfuit</span> 
     </span>
     <span class='ocr_line' id='line_1_23' title="bbox 135 2685 1106 2769; baseline 0.007 -22"><span class='ocrx_word' id='word_1_149' title='bbox 135 2685 260 2748; x_wconf 87' lang='lat' dir='ltr'>collata</span> <span class='ocrx_word' id='word_1_150' title='bbox 282 2704 414 2746; x_wconf 88' lang='lat' dir='ltr'>summa</span> <span class='ocrx_word' id='word_1_151' title='bbox 436 2685 550 2767; x_wconf 86' lang='lat' dir='ltr'>gratia,</span> <span class='ocrx_word' id='word_1_152' title='bbox 574 2686 652 2768; x_wconf 86' lang='lat' dir='ltr'>quia</span> <span class='ocrx_word' id='word_1_153' title='bbox 668 2687 762 2749; x_wconf 89' lang='lat' dir='ltr'>Pater</span> <span class='ocrx_word' id='word_1_154' title='bbox 800 2698 908 2769; x_wconf 90' lang='lat' dir='ltr'>potest</span> <span class='ocrx_word' id='word_1_155' title='bbox 942 2712 1106 2754; x_wconf 83' lang='lat' dir='ltr'>assumere</span> 
     </span>
     <span class='ocr_line' id='line_1_24' title="bbox 136 2790 1109 2881; baseline 0.006 -27"><span class='ocrx_word' id='word_1_156' title='bbox 136 2812 247 2854; x_wconf 89' lang='lat' dir='ltr'>unum</span> <span class='ocrx_word' id='word_1_157' title='bbox 270 2790 439 2855; x_wconf 91' lang='lat' dir='ltr'>hominem</span> <span class='ocrx_word' id='word_1_158' title='bbox 462 2800 495 2854; x_wconf 88' lang='lat' dir='ltr'>et</span> <span class='ocrx_word' id='word_1_159' title='bbox 518 2802 626 2874; x_wconf 87' lang='lat' dir='ltr'>potest</span> <span class='ocrx_word' id='word_1_160' title='bbox 648 2794 709 2856; x_wconf 90' lang='lat' dir='ltr'>sibi</span> <span class='ocrx_word' id='word_1_161' title='bbox 744 2795 822 2858; x_wconf 87' lang='lat' dir='ltr'>dare</span> <span class='ocrx_word' id='word_1_162' title='bbox 849 2799 1009 2879; x_wconf 85' lang='lat' dir='ltr'>aequalem</span> <span class='ocrx_word' id='word_1_163' title='bbox 1035 2820 1109 2881; x_wconf 79' lang='lat' dir='ltr'>gra·</span> 
     </span>
     <span class='ocr_line' id='line_1_25' title="bbox 138 2897 512 2981; baseline -0.005 -20"><span class='ocrx_word' id='word_1_164' title='bbox 138 2898 222 2961; x_wconf 89' lang='lat' dir='ltr'>tiam</span> <span class='ocrx_word' id='word_1_165' title='bbox 249 2898 364 2981; x_wconf 85' lang='lat' dir='ltr'>gratiae</span> <span class='ocrx_word' id='word_1_166' title='bbox 382 2897 512 2963; x_wconf 87' lang='lat' dir='ltr'>Christi.</span> 
     </span>
    </p>

    <p class='ocr_par' dir='ltr' id='par_1_8' title="bbox 134 3003 1113 3409">
     <span class='ocr_line' id='line_1_26' title="bbox 208 3003 1113 3088; baseline 0.008 -21"><span class='ocrx_word' id='word_1_167' title='bbox 208 3003 357 3067; x_wconf 84' lang='lat' dir='ltr'>Secundo</span> <span class='ocrx_word' id='word_1_168' title='bbox 380 3004 472 3068; x_wconf 84' lang='lat' dir='ltr'>modo</span> <span class='ocrx_word' id='word_1_169' title='bbox 494 3005 569 3068; x_wconf 91' lang='lat' dir='ltr'>dico</span> <span class='ocrx_word' id='word_1_170' title='bbox 592 3007 683 3088; x_wconf 90' lang='lat' dir='ltr'>quod</span> <span class='ocrx_word' id='word_1_171' title='bbox 708 3007 827 3071; x_wconf 83' lang='lat' dir='ltr'>animae</span> <span class='ocrx_word' id='word_1_172' title='bbox 853 3009 969 3074; x_wconf 89' lang='lat' dir='ltr'>Christi</span> <span class='ocrx_word' id='word_1_173' title='bbox 987 3013 1113 3074; x_wconf 89' lang='lat' dir='ltr'>estcol-</span> 
     </span>
     <span class='ocr_line' id='line_1_27' title="bbox 136 3111 1112 3201; baseline 0.009 -30"><span class='ocrx_word' id='word_1_174' title='bbox 136 3112 204 3173; x_wconf 89' lang='lat' dir='ltr'>lata</span> <span class='ocrx_word' id='word_1_175' title='bbox 228 3130 360 3173; x_wconf 89' lang='lat' dir='ltr'>summa</span> <span class='ocrx_word' id='word_1_176' title='bbox 384 3111 488 3193; x_wconf 87' lang='lat' dir='ltr'>gratia</span> <span class='ocrx_word' id='word_1_177' title='bbox 510 3112 663 3195; x_wconf 81' lang='lat' dir='ltr'>negative</span> <span class='ocrx_word' id='word_1_178' title='bbox 701 3114 778 3196; x_wconf 89' lang='lat' dir='ltr'>quia</span> <span class='ocrx_word' id='word_1_179' title='bbox 804 3118 984 3179; x_wconf 88' lang='lat' dir='ltr'>secundum</span> <span class='ocrx_word' id='word_1_180' title='bbox 1009 3120 1112 3201; x_wconf 84' lang='lat' dir='ltr'>Magi-</span> 
     </span>
     <span class='ocr_line' id='line_1_28' title="bbox 136 3217 1110 3307; baseline 0.007 -26"><span class='ocrx_word' id='word_1_181' title='bbox 136 3228 246 3281; x_wconf 83' lang='lat' dir='ltr'>strum</span> <span class='ocrx_word' id='word_1_182' title='bbox 270 3217 308 3280; x_wconf 84' lang='lat' dir='ltr'>in</span> <span class='ocrx_word' id='word_1_183' title='bbox 341 3217 463 3291; x_wconf 80' lang='lat' dir='ltr'>littera,</span> <span class='ocrx_word' id='word_1_184' title='bbox 502 3227 593 3281; x_wconf 86' lang='lat' dir='ltr'>tanta</span> <span class='ocrx_word' id='word_1_185' title='bbox 616 3228 666 3282; x_wconf 89' lang='lat' dir='ltr'>est</span> <span class='ocrx_word' id='word_1_186' title='bbox 688 3220 730 3283; x_wconf 94' lang='lat' dir='ltr'>illi</span> <span class='ocrx_word' id='word_1_187' title='bbox 756 3222 875 3285; x_wconf 86' lang='lat' dir='ltr'>animae</span> <span class='ocrx_word' id='word_1_188' title='bbox 899 3224 1016 3287; x_wconf 86' lang='lat' dir='ltr'>collata</span> <span class='ocrx_word' id='word_1_189' title='bbox 1040 3248 1110 3307; x_wconf 84' lang='lat' dir='ltr'>gra-</span> 
     </span>
     <span class='ocr_line' id='line_1_29' title="bbox 134 3309 770 3409; baseline 0.005 -22"><span class='ocrx_word' id='word_1_190' title='bbox 134 3325 183 3387; x_wconf 90' lang='lat' dir='ltr'>tia</span> <span class='ocrx_word' id='word_1_191' title='bbox 206 3345 274 3409; x_wconf 85' lang='lat' dir='ltr'>qua</span> <span class='ocrx_word' id='word_1_192' title='bbox 300 3323 404 3405; x_wconf 87' lang='lat' dir='ltr'>major</span> <span class='ocrx_word' id='word_1_193' title='bbox 426 3325 527 3387; x_wconf 88' lang='lat' dir='ltr'>creari</span> <span class='ocrx_word' id='word_1_194' title='bbox 551 3346 618 3389; x_wconf 87' lang='lat' dir='ltr'>non</span> <span class='ocrx_word' id='word_1_195' title='bbox 653 3309 770 3409; x_wconf 73' lang='lat' dir='ltr'>petest.</span> 
     </span>
    </p>
   </div>
   <div class='ocr_carea' id='block_1_5' title="bbox 133 3534 1112 3731">
    <p class='ocr_par' dir='ltr' id='par_1_9' title="bbox 133 3534 1112 3731">
     <span class='ocr_line' id='line_1_30' title="bbox 205 3534 1112 3625; baseline 0.008 -23"><span class='ocrx_word' id='word_1_196' title='bbox 205 3534 265 3603; x_wconf 74' lang='lat' dir='ltr'>Ar&gt;</span> <span class='ocrx_word' id='word_1_197' title='bbox 290 3549 435 3600; x_wconf 63' lang='lat' dir='ltr'>inmun</span> <span class='ocrx_word' id='word_1_198' title='bbox 463 3551 684 3602; x_wconf 70' lang='lat' dir='ltr'>mmmmm</span> <span class='ocrx_word' id='word_1_199' title='bbox 708 3540 824 3605; x_wconf 85' lang='lat' dir='ltr'>dicitur</span> <span class='ocrx_word' id='word_1_200' title='bbox 847 3545 936 3625; x_wconf 84' lang='lat' dir='ltr'>quod</span> <span class='ocrx_word' id='word_1_201' title='bbox 961 3544 1112 3609; x_wconf 87' lang='lat' dir='ltr'>nobiliori</span> 
     </span>
     <span class='ocr_line' id='line_1_31' title="bbox 133 3643 1112 3731; baseline 0.008 -24"><span class='ocrx_word' id='word_1_202' title='bbox 133 3643 331 3728; x_wconf 82' lang='lat' dir='ltr'>perfectibili</span> <span class='ocrx_word' id='word_1_203' title='bbox 355 3644 532 3726; x_wconf 86' lang='lat' dir='ltr'>respondet</span> <span class='ocrx_word' id='word_1_204' title='bbox 554 3645 692 3708; x_wconf 90' lang='lat' dir='ltr'>nobilior</span> <span class='ocrx_word' id='word_1_205' title='bbox 704 3646 868 3728; x_wconf 81' lang='lat' dir='ltr'>perfectio,</span> <span class='ocrx_word' id='word_1_206' title='bbox 894 3650 1059 3731; x_wconf 90' lang='lat' dir='ltr'>loquendo</span> <span class='ocrx_word' id='word_1_207' title='bbox 1070 3654 1112 3716; x_wconf 91' lang='lat' dir='ltr'>de</span> 
     </span>
    </p>
   </div>
   <div class='ocr_carea' id='block_1_6' title="bbox 0 0 1309 4200">
    <p class='ocr_par' dir='ltr' id='par_1_10' title="bbox 0 0 1309 4200">
     <span class='ocr_line' id='line_1_32' title="bbox 0 0 1309 4200; baseline 0 0"><span class='ocrx_word' id='word_1_208' title='bbox 0 0 1309 4200; x_wconf 95' lang='lat' dir='ltr'> </span> 
     </span>
    </p>
   </div>
  </div>
 </body>
</html>
