2600 4200
245 287 287 350 34
466 270 541 332 Lm.
567 270 613 332 111
641 270 935 334 Sententiarum

220 475 376 540 exhibere
409 476 502 539 matri
534 497 668 540 omnem
704 476 862 538 honorem
886 475 945 538 sibi
979 476 1185 558 possibilem;

223 583 279 645 sed
303 583 454 664 possibile
477 592 526 645 est
549 603 619 646 esse
632 583 803 665 Virginem
827 585 896 644 sine
918 582 1186 666 originali3erg0.

223 690 377 752 Probatio
390 690 527 753 minoris
536 713 548 752 .·
569 711 629 773 pro
641 691 758 753 eodem
771 691 902 752 instanti
915 711 974 771 pro
997 711 1064 771 quo
1075 691 1188 753 anima

222 805 272 858 est
294 797 477 878 susceptiva
502 797 608 879 culpae
632 805 682 860 est
704 796 802 859 etiam
838 797 1021 879 susceptiva
1055 796 1189 879 gratiae:

224 903 281 965 sed
304 923 364 985 pro
388 903 494 985 primo
507 903 638 965 instanti
663 903 833 966 creationis
844 912 877 965 et
900 903 1066 967 infusionis
1077 903 1188 966 anima

222 1019 272 1072 est
295 1011 479 1092 susceptiva
503 1011 631 1092 culpae;
666 1031 746 1092 ergo
776 1020 809 1072 et
832 1011 956 1092 gratiae.
992 1010 1057 1074 Sed
1080 1011 1192 1074 anima
1292 998 1294 1004 ⁸

227 1116 350 1178 habens
374 1117 511 1199 gratiam
548 1137 614 1181 non
639 1117 739 1179 habet
773 1117 945 1200 originale;
969 1137 1049 1199 ergo
1082 1118 1192 1199 potuit

229 1223 417 1304 praeservari
441 1225 483 1286 ab
507 1224 664 1306 originali.

292 1330 472 1393 Praeterea:
495 1330 645 1394 Christus
669 1330 887 1393 immediatius
898 1331 1026 1393 videtur
1038 1330 1133 1393 luisse
1145 1351 1193 1393 re

228 1447 358 1519 parator
382 1438 424 1499 ab
448 1437 597 1520 originali
625 1433 734 1519 ¹quarn
758 1437 876 1499 actuali
911 1439 1016 1519 culpa,
1041 1438 1116 1519 quia
1139 1458 1195 1500 ne-

226 1544 356 1607 cessitas
380 1545 610 1608 incarnationis
636 1555 669 1607 et
693 1545 849 1626 passionis
872 1545 1089 1607 communiter
1118 1546 1196 1607 assi-
1292 1576 1293 1583 κ

229 1660 347 1732 gnatus
370 1672 413 1714 ex
438 1661 576 1733 peccato
602 1652 766 1734 originali;
791 1653 846 1713 sed
871 1652 962 1714 Deus
985 1653 1195 1733 praeservavit

229 1757 398 1839 Virginem
422 1779 441 1820 a
465 1767 600 1840 peccato
624 1759 760 1834 actuali;
785 1780 864 1840 ergo
887 1759 1096 1840 praeservavit
1118 1778 1194 1821 earn

228 1874 393 1946 apeccato
417 1866 574 1948 originali.

295 1971 469 2044 Praeterea,
498 1973 523 2034 si
547 1994 613 2035 non
638 1973 751 2035 habuit
776 1973 882 2034 minus
898 1982 1069 2055 peccatum
1082 1973 1113 2034 in
1137 1993 1198 2054 ge-

230 2098 314 2151 nere,
338 2079 457 2143 scilicet
481 2080 615 2151 veniale,
652 2100 711 2142 nec
735 2081 850 2161 majus,
886 2079 1006 2142 seilicet
1028 2080 1197 2162 originale.

230 2186 281 2248 cui
305 2186 441 2248 debetur
465 2207 570 2268 poena
594 2197 726 2261 aeterna,
751 2188 840 2249 alteri
864 2187 1060 2269 temporalis,

296 2292 459 2356 Preteraa
484 2294 562 2356 dicit
592 2293 759 2357 Salvator:
784 2296 871 2356 Inter
906 2304 1000 2356 natos
1023 2293 1201 2355 mulierum

232 2420 297 2461 non
321 2401 461 2462 surrexit
486 2402 593 2482 major
618 2402 743 2481 Joanne
767 2401 922 2483 Baptista.
948 2401 1020 2464 Aut
1043 2402 1086 2464 stri
1107 2400 1203 2464 Chri-

232 2514 300 2568 stus
323 2507 466 2588 loquitur
489 2508 530 2570 de
550 2528 612 2570 eron
636 2518 792 2589 peccante,
806 2518 863 2570 aut
879 2518 1064 2590 resurgente
1081 2529 1100 2569 a
1123 2528 1202 2589 pec-

232 2620 315 2675 cat0.
342 2613 374 2677 Si
397 2614 546 2694 primum
573 2613 691 2676 falsum
715 2624 773 2690 est,
798 2616 873 2697 quia
898 2616 1000 2677 Maria
1025 2614 1128 2695 major
1148 2625 1203 2677 est

234 2720 358 2799 Joanne
392 2721 556 2801 Baptista;
596 2722 620 2783 si
656 2723 832 2784 secundam
867 2722 987 2827 scilicet
1021 2723 1062 2784 de
1097 2743 1204 2785 resur-

234 2836 331 2908 gente
354 2836 386 2889 et
410 2828 504 2891 beata
540 2828 647 2910 Virgo
672 2828 781 2890 fuisset
806 2831 837 2891 in
872 2839 1006 2910 peccato
1039 2840 1072 2891 et
1094 2848 1203 2892 resur-

235 2933 369 2996 rexisset
392 2934 459 3015 ipsa
473 2935 593 2997 iterum
619 2955 685 2996 non
709 2934 820 2997 fuisset
837 2938 940 3017 major
956 2936 1090 3017 Joanne,
1107 2938 1204 3017 quod

236 3060 300 3101 non
324 3040 450 3113 dicitur,
475 3042 550 3123 quia
578 3042 758 3103 secundum
783 3043 1010 3124 Augustinum
1026 3044 1204 3106 denatura

234 3154 266 3207 et
283 3147 410 3228 gratia,
439 3146 508 3229 ipsa
532 3158 729 3230 praeservata
753 3147 813 3209 fuit
846 3169 866 3211 a
900 3151 996 3231 culpa
1025 3150 1144 3212 actuali
1167 3158 1205 3215 et

239 3253 363 3317 veniali.

303 3358 361 3421 Ad
381 3361 588 3423 auctoritates
612 3370 723 3423 autem
747 3382 822 3443 quae
836 3364 1043 3427 adducuntur
1056 3385 1115 3446 pro
1138 3364 1206 3427 alia

237 3466 398 3548 opinione,
423 3468 639 3549 respondetur
664 3468 718 3541 sic,
744 3471 833 3550 quod
857 3472 991 3551 quilibet
1004 3470 1088 3533 filius
1110 3471 1205 3535 Adae

178 3657 184 3668 ἱ
239 3574 391 3635 naturalis
414 3584 461 3636 est
485 3575 614 3637 debitor
646 3575 780 3656 justitiae
812 3578 983 3659 originalis
1008 3588 1042 3640 et
1064 3577 1089 3639 si
1113 3588 1206 3641 caret

236 3700 276 3742 ea
299 3680 331 3742 in
355 3700 388 3743 se
411 3681 462 3743 vel
486 3680 518 3743 in
543 3682 654 3763 aliquo
677 3683 894 3764 aequivalenti,
919 3685 1002 3747 sicut
1024 3693 1072 3747 est
1085 3684 1204 3767 gratia,
