2600 4200
227 247 284 317 138
411 320 414 326 Ι
449 241 523 306 lau.
550 239 601 301 IV
628 235 934 302 Situ'iau'usauu

197 429 254 481 tus
282 419 443 480 abstracti
478 421 555 499 qui·
573 439 640 480 non
676 420 846 499 dependet
880 418 1107 500 intelligendo
1141 441 1164 480 a

198 524 438 597 sensibilibus;
464 545 557 607 erge.

295 634 399 692 Tertt'a
429 633 589 692 Conclusio
612 642 666 693 est
689 633 782 711 quod
810 631 1004 694 intellectus
1037 633 1160 694 beatus

198 739 293 800 nullo
317 739 419 800 modo
442 757 503 820 per
527 749 639 799 aetum
669 737 863 799 beatificum
899 739 993 800 videt
1027 737 1162 820 Corpus

197 847 232 907 in
257 843 484 914 Eucharistia,
517 847 598 926 quia
631 845 753 906 beatus
788 864 856 906 non
890 845 1116 926 distinguitur
1140 866 1161 906 a

197 972 266 1014 non
290 954 391 1014 beato
416 952 480 1013 nisi
506 951 655 1012 videndo
679 952 849 1032 objectum
865 949 1081 1022 beatificum;
1098 953 1160 1014 sed

197 1057 331 1138 Corpus
355 1057 480 1120 Christi
507 1060 541 1120 in
566 1057 784 1120 Eucharistia
807 1078 877 1120 non
902 1069 955 1119 est
988 1059 1158 1138 objectum

197 1163 401 1235 beatificum,
427 1173 465 1225 ut
488 1173 582 1244 patet
606 1166 647 1225 de
673 1185 719 1231 se,
745 1153 813 1225 necx
830 1177 883 1226 est
918 1166 1087 1226 inclusum
1123 1167 1158 1229 in

197 1273 331 1352 objecto
354 1270 520 1340 beatifico,
546 1272 638 1352 quod
662 1281 756 1352 patet
780 1273 861 1351 quia
884 1291 983 1351 aeque
999 1275 1160 1334 essentia·

197 1378 275 1438 liter
298 1381 445 1457 pertinet
473 1379 515 1438 ad
549 1378 719 1457 objectum
754 1376 949 1439 beatificum
986 1379 1159 1442 includere

136 1473 138 1482 ¹
197 1487 232 1546 in
266 1487 398 1546 ratione
437 1485 558 1564 objecti
599 1487 767 1546 visionem
807 1487 909 1547 unius
944 1483 1159 1551 Sacramenti

198 1593 285 1652 sicut
310 1591 463 1661 alterius;
490 1591 551 1651 sed
575 1591 671 1653 nullo
695 1592 796 1653 modo
813 1593 961 1670 pertinet
984 1591 1027 1652 ad
1051 1591 1160 1670 objec-

197 1707 269 1758 tum
294 1696 486 1759 beatificum
512 1697 686 1759 includere
709 1697 795 1758 illud
818 1699 853 1759 in
869 1699 1001 1760 ratione
1016 1699 1157 1767 ostensi,

196 1816 281 1884 puta
304 1803 457 1865 conferre
481 1807 627 1885 gratiam
652 1804 797 1883 parvulo
822 1806 856 1864 in
882 1804 1071 1884 Baptismo,
1088 1823 1160 1884 poe·

197 1913 318 1972 nitenti
344 1909 497 1972 conferre
521 1912 668 1992 gratiam
693 1913 727 1971 in
756 1910 965 1974 Poenitentia
988 1931 1049 1972 seu
1072 1910 1159 1972 Con·

197 2017 366 2087 fessione;
392 2029 425 2078 et
449 2020 515 2080 ista
538 2036 635 2097 aeque
664 2020 831 2080 veraciter
866 2018 1088 2090 includuntur
1122 2019 1157 2078 in

199 2125 429 2187 Sacramentis
454 2126 530 2185 istis
553 2127 643 2187 sicut
667 2124 800 2205 Corpus
823 2124 950 2187 Christi
974 2127 1009 2187 in
1027 2124 1159 2185 Eucha-

197 2218 314 2303 ristia3
339 2251 423 2312 ergo
448 2231 542 2293 nullo
566 2232 668 2293 modo
693 2232 862 2313 objectum
890 2230 1094 2300 beatificum,
1120 2241 1158 2292 ut

198 2351 249 2400 est
274 2340 341 2401 tale
365 2340 545 2418 objectum,
571 2339 715 2400 includit
740 2337 873 2420 Corpus
898 2336 1023 2401 Christi
1049 2347 1087 2399 ut
1110 2340 1159 2398 vi-

198 2465 272 2506 sum
297 2456 350 2507 est
375 2448 408 2506 in
434 2445 661 2506 Eucharistia.

287 2658 349 2719 AD
373 2672 645 2719 ARGUMENTUM
682 2660 715 2717 iu
752 2660 954 2723 conlrorr'um,
994 2656 1092 2716 dico:
1127 2658 1154 2715 si

198 2767 326 2845 arguis,
352 2764 564 2827 uniformiter
598 2774 650 2825 est
685 2782 746 2824 ens
780 2762 1048 2841 supernaturale,
1072 2781 1156 2843 ergo

197 2882 249 2932 est
273 2872 505 2953 cognoscibile
541 2870 809 2952 supernaturale,
835 2870 882 2929 ita
916 2870 1008 2949 quod
1028 2862 1157 2949 'super-

198 2980 351 3039 naturale
375 2980 409 3037 in
435 2979 655 3039 antecedente
679 2989 712 3037 et
736 2985 965 3055 consequente
992 2973 1156 3036 referatur

197 3085 240 3145 ad
265 3086 364 3155 idem,
398 3086 523 3144 concedo
561 3086 818 3161 consequentiam,
858 3082 939 3161 quia
974 3083 1007 3143 in
1042 3100 1157 3142 conse·

197 3193 337 3272 quentia
360 3188 504 3253 refertur
527 3188 833 3270 supernaturalitas
856 3189 898 3249 ad
915 3191 1090 3249 entitatem
1115 3190 1157 3247 si·

197 3308 254 3359 cut
280 3300 312 3359 in
338 3298 566 3357 antecedente.
594 3297 662 3356 Sed
687 3306 768 3356 tuuc
786 3315 853 3355 nou
870 3296 1046 3375 sequitur:
1071 3313 1156 3374 ergo

198 3416 328 3465 tantum
347 3404 650 3483 supernaturaliter
667 3414 780 3482 potest
796 3403 969 3481 cognosci.
987 3400 1025 3462 Si
1042 3411 1156 3461 autem

198 3512 404 3592 intelligitur
427 3514 460 3572 in
485 3520 724 3589 consequente.
749 3528 826 3570 cum
843 3510 966 3569 dicitur
982 3508 1158 3588 cognosci-

196 3619 265 3679 bile
290 3618 557 3698 supernaturale,
582 3614 699 3677 relerri
735 3616 778 3675 ad
811 3614 1156 3695 cognoscibilitatem,
1192 3666 1196 3679 ,
