<?xml version="1.0" encoding="UTF-8"?>
<!DOCTYPE html PUBLIC "-//W3C//DTD XHTML 1.0 Transitional//EN"
    "http://www.w3.org/TR/xhtml1/DTD/xhtml1-transitional.dtd">
<html xmlns="http://www.w3.org/1999/xhtml" xml:lang="en" lang="en">
 <head>
  <title>
</title>
<meta http-equiv="Content-Type" content="text/html;charset=utf-8" />
  <meta name='ocr-system' content='tesseract 3.04.00' />
  <meta name='ocr-capabilities' content='ocr_page ocr_carea ocr_par ocr_line ocrx_word'/>
</head>
<body>
  <div class='ocr_page' id='page_1' title='image "./commentariainli02scotgoog_0380.png"; bbox 0 0 2600 4200; ppageno 0'>
   <div class='ocr_carea' id='block_1_1' title="bbox 195 181 904 247">
    <p class='ocr_par' dir='ltr' id='par_1_1' title="bbox 195 181 904 247">
     <span class='ocr_line' id='line_1_1' title="bbox 195 181 904 247; baseline 0.003 -3"><span class='ocrx_word' id='word_1_1' title='bbox 195 203 252 244; x_wconf 87' lang='lat'><strong>102</strong></span> <span class='ocrx_word' id='word_1_2' title='bbox 420 183 495 246; x_wconf 75' lang='lat' dir='ltr'><strong>Lm.</strong></span> <span class='ocrx_word' id='word_1_3' title='bbox 521 183 572 245; x_wconf 85' lang='lat' dir='ltr'><strong>IV</strong></span> <span class='ocrx_word' id='word_1_4' title='bbox 598 181 904 247; x_wconf 76' lang='lat' dir='ltr'><strong>smmmnnun</strong></span> 
     </span>
    </p>
   </div>
   <div class='ocr_carea' id='block_1_2' title="bbox 116 359 1188 2666">
    <p class='ocr_par' dir='ltr' id='par_1_2' title="bbox 116 359 1188 1510">
     <span class='ocr_line' id='line_1_2' title="bbox 163 359 1188 447; baseline 0.001 -25"><span class='ocrx_word' id='word_1_5' title='bbox 163 361 265 442; x_wconf 89' lang='lat' dir='ltr'><strong>hujus</strong></span> <span class='ocrx_word' id='word_1_6' title='bbox 288 359 432 424; x_wconf 88' lang='lat' dir='ltr'><strong>efficitur</strong></span> <span class='ocrx_word' id='word_1_7' title='bbox 456 362 547 442; x_wconf 92' lang='lat' dir='ltr'><strong>quod</strong></span> <span class='ocrx_word' id='word_1_8' title='bbox 572 362 618 424; x_wconf 93' lang='lat' dir='ltr'><strong>ibi</strong></span> <span class='ocrx_word' id='word_1_9' title='bbox 636 365 682 424; x_wconf 91' lang='lat' dir='ltr'><strong>sit</strong></span> <span class='ocrx_word' id='word_1_10' title='bbox 697 382 816 424; x_wconf 87' lang='lat' dir='ltr'><strong>verum</strong></span> <span class='ocrx_word' id='word_1_11' title='bbox 833 361 965 444; x_wconf 90' lang='lat' dir='ltr'><strong>Corpus</strong></span> <span class='ocrx_word' id='word_1_12' title='bbox 981 362 1122 435; x_wconf 89' lang='lat' dir='ltr'><strong>Christi;</strong></span> <span class='ocrx_word' id='word_1_13' title='bbox 1185 442 1188 447; x_wconf 9' lang='grc' dir='ltr'><em>Α</em></span> 
     </span>
     <span class='ocr_line' id='line_1_3' title="bbox 161 467 1121 552; baseline 0.001 -23"><span class='ocrx_word' id='word_1_14' title='bbox 161 487 248 550; x_wconf 89' lang='lat' dir='ltr'><strong>ergo</strong></span> <span class='ocrx_word' id='word_1_15' title='bbox 283 469 388 530; x_wconf 86' lang='lat' dir='ltr'><strong>verba</strong></span> <span class='ocrx_word' id='word_1_16' title='bbox 421 470 547 532; x_wconf 88' lang='lat' dir='ltr'><strong>debent</strong></span> <span class='ocrx_word' id='word_1_17' title='bbox 578 467 785 532; x_wconf 87' lang='lat' dir='ltr'><strong>sufficienter</strong></span> <span class='ocrx_word' id='word_1_18' title='bbox 819 470 884 532; x_wconf 90' lang='lat' dir='ltr'><strong>hoc</strong></span> <span class='ocrx_word' id='word_1_19' title='bbox 918 468 1121 552; x_wconf 87' lang='lat' dir='ltr'><strong>significare.</strong></span> 
     </span>
     <span class='ocr_line' id='line_1_4' title="bbox 163 571 1125 656; baseline -0.001 -18"><span class='ocrx_word' id='word_1_20' title='bbox 163 571 234 638; x_wconf 91' lang='lat' dir='ltr'><strong>Sed</strong></span> <span class='ocrx_word' id='word_1_21' title='bbox 257 575 332 638; x_wconf 89' lang='lat' dir='ltr'><strong>haec</strong></span> <span class='ocrx_word' id='word_1_22' title='bbox 357 577 481 638; x_wconf 89' lang='lat' dir='ltr'><strong>verba:</strong></span> <span class='ocrx_word' id='word_1_23' title='bbox 506 577 560 638; x_wconf 85' lang='lat' dir='ltr'><strong>hoc</strong></span> <span class='ocrx_word' id='word_1_24' title='bbox 583 584 630 638; x_wconf 82' lang='lat' dir='ltr'><strong>est</strong></span> <span class='ocrx_word' id='word_1_25' title='bbox 650 581 734 638; x_wconf 84' lang='lat' dir='ltr'><strong>enim</strong></span> <span class='ocrx_word' id='word_1_26' title='bbox 766 583 877 656; x_wconf 81' lang='lat' dir='ltr'><strong>corpus</strong></span> <span class='ocrx_word' id='word_1_27' title='bbox 910 597 1022 645; x_wconf 82' lang='lat' dir='ltr'><strong>meum,</strong></span> <span class='ocrx_word' id='word_1_28' title='bbox 1050 595 1125 656; x_wconf 92' lang='lat' dir='ltr'><strong>pro-</strong></span> 
     </span>
     <span class='ocr_line' id='line_1_5' title="bbox 116 680 1126 765; baseline -0.002 -21"><span class='ocrx_word' id='word_1_29' title='bbox 116 699 119 705; x_wconf 84' lang='lat'>·</span> <span class='ocrx_word' id='word_1_30' title='bbox 164 681 234 744; x_wconf 88' lang='lat' dir='ltr'><strong>lata</strong></span> <span class='ocrx_word' id='word_1_31' title='bbox 257 683 331 744; x_wconf 91' lang='lat' dir='ltr'><strong>sine</strong></span> <span class='ocrx_word' id='word_1_32' title='bbox 354 683 635 764; x_wconf 85' lang='lat' dir='ltr'><strong>praecedentibus‚</strong></span> <span class='ocrx_word' id='word_1_33' title='bbox 653 683 718 745; x_wconf 91' lang='lat' dir='ltr'><strong>hoc</strong></span> <span class='ocrx_word' id='word_1_34' title='bbox 735 703 803 746; x_wconf 91' lang='lat' dir='ltr'><strong>non</strong></span> <span class='ocrx_word' id='word_1_35' title='bbox 820 680 1026 765; x_wconf 84' lang='lat' dir='ltr'><strong>significant,</strong></span> <span class='ocrx_word' id='word_1_36' title='bbox 1043 684 1126 762; x_wconf 88' lang='lat' dir='ltr'><strong>quia</strong></span> 
     </span>
     <span class='ocr_line' id='line_1_6' title="bbox 163 788 1123 873; baseline 0 -24"><span class='ocrx_word' id='word_1_37' title='bbox 163 788 320 851; x_wconf 89' lang='lat' dir='ltr'><strong>absolute</strong></span> <span class='ocrx_word' id='word_1_38' title='bbox 344 789 381 872; x_wconf 93' lang='lat' dir='ltr'><strong>ly</strong></span> <span class='ocrx_word' id='word_1_39' title='bbox 404 810 507 850; x_wconf 84' lang='lat' dir='ltr'><strong>meum</strong></span> <span class='ocrx_word' id='word_1_40' title='bbox 531 789 704 873; x_wconf 85' lang='lat' dir='ltr'><strong>significat</strong></span> <span class='ocrx_word' id='word_1_41' title='bbox 727 788 844 853; x_wconf 86' lang='lat' dir='ltr'><strong>referri</strong></span> <span class='ocrx_word' id='word_1_42' title='bbox 875 789 920 851; x_wconf 86' lang='lat' dir='ltr'><strong>ad</strong></span> <span class='ocrx_word' id='word_1_43' title='bbox 942 807 1123 869; x_wconf 85' lang='lat' dir='ltr'><strong>personam</strong></span> 
     </span>
     <span class='ocr_line' id='line_1_7' title="bbox 164 895 1126 978; baseline -0.002 -20"><span class='ocrx_word' id='word_1_44' title='bbox 164 895 351 976; x_wconf 86' lang='lat' dir='ltr'><strong>loquentis;</strong></span> <span class='ocrx_word' id='word_1_45' title='bbox 377 897 466 958; x_wconf 91' lang='lat' dir='ltr'><strong>sicut</strong></span> <span class='ocrx_word' id='word_1_46' title='bbox 489 898 518 958; x_wconf 93' lang='lat' dir='ltr'><strong>si</strong></span> <span class='ocrx_word' id='word_1_47' title='bbox 543 898 728 978; x_wconf 84' lang='lat' dir='ltr'><strong>inciperem</strong></span> <span class='ocrx_word' id='word_1_48' title='bbox 750 897 844 977; x_wconf 90' lang='lat' dir='ltr'><strong>loqui</strong></span> <span class='ocrx_word' id='word_1_49' title='bbox 872 896 987 976; x_wconf 91' lang='lat' dir='ltr'><strong>aliqua</strong></span> <span class='ocrx_word' id='word_1_50' title='bbox 1020 896 1126 958; x_wconf 88' lang='lat' dir='ltr'><strong>verba</strong></span> 
     </span>
     <span class='ocr_line' id='line_1_8' title="bbox 163 1000 1124 1084; baseline -0.003 -19"><span class='ocrx_word' id='word_1_51' title='bbox 163 1000 291 1066; x_wconf 87' lang='lat' dir='ltr'>Christi</span> <span class='ocrx_word' id='word_1_52' title='bbox 316 1003 390 1065; x_wconf 88' lang='lat' dir='ltr'><strong>sive</strong></span> <span class='ocrx_word' id='word_1_53' title='bbox 414 1003 548 1084; x_wconf 90' lang='lat' dir='ltr'><strong>prolata</strong></span> <span class='ocrx_word' id='word_1_54' title='bbox 571 1022 591 1065; x_wconf 89' lang='lat' dir='ltr'><strong>a</strong></span> <span class='ocrx_word' id='word_1_55' title='bbox 614 1002 761 1074; x_wconf 92' lang='lat' dir='ltr'><strong>Christo,</strong></span> <span class='ocrx_word' id='word_1_56' title='bbox 779 1002 960 1065; x_wconf 91' lang='lat' dir='ltr'><strong>videlicet:</strong></span> <span class='ocrx_word' id='word_1_57' title='bbox 984 1004 1124 1063; x_wconf 77' lang='lat' dir='ltr'><strong>doctrina</strong></span> 
     </span>
     <span class='ocr_line' id='line_1_9' title="bbox 166 1109 1125 1191; baseline -0.001 -21"><span class='ocrx_word' id='word_1_58' title='bbox 166 1130 234 1170; x_wconf 84' lang='lat' dir='ltr'><strong>mea</strong></span> <span class='ocrx_word' id='word_1_59' title='bbox 258 1130 319 1170; x_wconf 83' lang='lat' dir='ltr'><strong>non</strong></span> <span class='ocrx_word' id='word_1_60' title='bbox 342 1116 388 1171; x_wconf 83' lang='lat' dir='ltr'><strong>est</strong></span> <span class='ocrx_word' id='word_1_61' title='bbox 409 1130 487 1178; x_wconf 87' lang='lat' dir='ltr'><strong>mea,</strong></span> <span class='ocrx_word' id='word_1_62' title='bbox 515 1119 818 1191; x_wconf 89' lang='lat' dir='ltr'><strong>quantumcunque</strong></span> <span class='ocrx_word' id='word_1_63' title='bbox 841 1109 1053 1172; x_wconf 86' lang='lat' dir='ltr'><strong>intenderem</strong></span> <span class='ocrx_word' id='word_1_64' title='bbox 1078 1109 1125 1169; x_wconf 84' lang='lat' dir='ltr'><strong>lo</strong></span> 
     </span>
     <span class='ocr_line' id='line_1_10' title="bbox 165 1215 1124 1297; baseline -0.001 -20"><span class='ocrx_word' id='word_1_65' title='bbox 165 1218 224 1297; x_wconf 91' lang='lat' dir='ltr'><strong>qui</strong></span> <span class='ocrx_word' id='word_1_66' title='bbox 250 1217 284 1278; x_wconf 90' lang='lat' dir='ltr'><strong>in</strong></span> <span class='ocrx_word' id='word_1_67' title='bbox 308 1235 455 1297; x_wconf 87' lang='lat' dir='ltr'><strong>persona</strong></span> <span class='ocrx_word' id='word_1_68' title='bbox 477 1215 615 1286; x_wconf 85' lang='lat' dir='ltr'><strong>Christi,</strong></span> <span class='ocrx_word' id='word_1_69' title='bbox 644 1227 758 1278; x_wconf 89' lang='lat' dir='ltr'><strong>tamen</strong></span> <span class='ocrx_word' id='word_1_70' title='bbox 793 1236 838 1278; x_wconf 88' lang='lat' dir='ltr'><strong>ex</strong></span> <span class='ocrx_word' id='word_1_71' title='bbox 874 1217 909 1277; x_wconf 93' lang='lat' dir='ltr'><strong>vi</strong></span> <span class='ocrx_word' id='word_1_72' title='bbox 943 1216 1124 1277; x_wconf 89' lang='lat' dir='ltr'><strong>verborum</strong></span> 
     </span>
     <span class='ocr_line' id='line_1_11' title="bbox 166 1321 1125 1406; baseline -0.001 -21"><span class='ocrx_word' id='word_1_73' title='bbox 166 1342 234 1385; x_wconf 92' lang='lat' dir='ltr'><strong>non</strong></span> <span class='ocrx_word' id='word_1_74' title='bbox 258 1323 403 1386; x_wconf 89' lang='lat' dir='ltr'><strong>habetur</strong></span> <span class='ocrx_word' id='word_1_75' title='bbox 426 1323 518 1406; x_wconf 91' lang='lat' dir='ltr'><strong>quod</strong></span> <span class='ocrx_word' id='word_1_76' title='bbox 541 1323 601 1386; x_wconf 91' lang='lat' dir='ltr'><strong>illa</strong></span> <span class='ocrx_word' id='word_1_77' title='bbox 634 1323 789 1386; x_wconf 89' lang='lat' dir='ltr'><strong>doctrina</strong></span> <span class='ocrx_word' id='word_1_78' title='bbox 823 1325 868 1385; x_wconf 90' lang='lat' dir='ltr'><strong>sit</strong></span> <span class='ocrx_word' id='word_1_79' title='bbox 902 1322 1040 1392; x_wconf 88' lang='lat' dir='ltr'><strong>Christi,</strong></span> <span class='ocrx_word' id='word_1_80' title='bbox 1065 1321 1125 1385; x_wconf 89' lang='lat' dir='ltr'><strong>sed</strong></span> 
     </span>
     <span class='ocr_line' id='line_1_12' title="bbox 165 1430 347 1510; baseline 0.011 -20"><span class='ocrx_word' id='word_1_81' title='bbox 165 1430 347 1510; x_wconf 89' lang='lat' dir='ltr'><strong>loquentis.</strong></span> 
     </span>
    </p>

    <p class='ocr_par' dir='ltr' id='par_1_3' title="bbox 165 1533 1128 2666">
     <span class='ocr_line' id='line_1_13' title="bbox 255 1533 1127 1618; baseline -0.003 -20"><span class='ocrx_word' id='word_1_82' title='bbox 255 1537 307 1598; x_wconf 84' lang='lat' dir='ltr'><strong>De</strong></span> <span class='ocrx_word' id='word_1_83' title='bbox 329 1537 468 1604; x_wconf 83' lang='lat' dir='ltr'><strong>secundo,</strong></span> <span class='ocrx_word' id='word_1_84' title='bbox 497 1537 627 1600; x_wconf 89' lang='lat' dir='ltr'><strong>scilicet</strong></span> <span class='ocrx_word' id='word_1_85' title='bbox 662 1556 740 1618; x_wconf 88' lang='lat' dir='ltr'><strong>quae</strong></span> <span class='ocrx_word' id='word_1_86' title='bbox 764 1536 869 1598; x_wconf 90' lang='lat' dir='ltr'><strong>verba</strong></span> <span class='ocrx_word' id='word_1_87' title='bbox 903 1546 984 1598; x_wconf 91' lang='lat' dir='ltr'><strong>sunt</strong></span> <span class='ocrx_word' id='word_1_88' title='bbox 1017 1533 1127 1596; x_wconf 79' lang='lat' dir='ltr'><strong>torma</strong></span> 
     </span>
     <span class='ocr_line' id='line_1_14' title="bbox 166 1641 1125 1726; baseline 0 -22"><span class='ocrx_word' id='word_1_89' title='bbox 166 1645 433 1706; x_wconf 90' lang='lat' dir='ltr'><strong>consecrationis</strong></span> <span class='ocrx_word' id='word_1_90' title='bbox 457 1641 646 1726; x_wconf 84' lang='lat' dir='ltr'><strong>Sanguinis</strong></span> <span class='ocrx_word' id='word_1_91' title='bbox 669 1641 808 1713; x_wconf 84' lang='lat' dir='ltr'><strong>Christi,</strong></span> <span class='ocrx_word' id='word_1_92' title='bbox 833 1644 910 1704; x_wconf 93' lang='lat' dir='ltr'><strong>dico</strong></span> <span class='ocrx_word' id='word_1_93' title='bbox 944 1642 1037 1723; x_wconf 92' lang='lat' dir='ltr'><strong>quod</strong></span> <span class='ocrx_word' id='word_1_94' title='bbox 1070 1642 1125 1704; x_wconf 93' lang='lat' dir='ltr'><strong>hic</strong></span> 
     </span>
     <span class='ocr_line' id='line_1_15' title="bbox 165 1747 1125 1830; baseline 0 -20"><span class='ocrx_word' id='word_1_95' title='bbox 165 1759 219 1811; x_wconf 87' lang='lat' dir='ltr'><strong>est</strong></span> <span class='ocrx_word' id='word_1_96' title='bbox 241 1750 352 1830; x_wconf 84' lang='lat' dir='ltr'><strong>majus</strong></span> <span class='ocrx_word' id='word_1_97' title='bbox 375 1748 526 1810; x_wconf 90' lang='lat' dir='ltr'><strong>dubium.</strong></span> <span class='ocrx_word' id='word_1_98' title='bbox 560 1751 637 1810; x_wconf 86' lang='lat' dir='ltr'><strong>Tum</strong></span> <span class='ocrx_word' id='word_1_99' title='bbox 662 1751 744 1830; x_wconf 91' lang='lat' dir='ltr'><strong>quia</strong></span> <span class='ocrx_word' id='word_1_100' title='bbox 766 1747 875 1811; x_wconf 82' lang='lat' dir='ltr'><strong>forma</strong></span> <span class='ocrx_word' id='word_1_101' title='bbox 898 1767 967 1829; x_wconf 89' lang='lat' dir='ltr'><strong>qua</strong></span> <span class='ocrx_word' id='word_1_102' title='bbox 998 1751 1125 1810; x_wconf 91' lang='lat' dir='ltr'><strong>utimur</strong></span> 
     </span>
     <span class='ocr_line' id='line_1_16' title="bbox 167 1854 1127 1938; baseline 0 -22"><span class='ocrx_word' id='word_1_103' title='bbox 167 1855 282 1918; x_wconf 91' lang='lat' dir='ltr'><strong>nuilus</strong></span> <span class='ocrx_word' id='word_1_104' title='bbox 306 1855 607 1938; x_wconf 88' lang='lat' dir='ltr'><strong>Evangelistarum</strong></span> <span class='ocrx_word' id='word_1_105' title='bbox 632 1858 763 1926; x_wconf 81' lang='lat' dir='ltr'><strong>recitat,</strong></span> <span class='ocrx_word' id='word_1_106' title='bbox 786 1855 864 1920; x_wconf 90' lang='lat' dir='ltr'><strong>ideo</strong></span> <span class='ocrx_word' id='word_1_107' title='bbox 898 1875 967 1916; x_wconf 92' lang='lat' dir='ltr'><strong>non</strong></span> <span class='ocrx_word' id='word_1_108' title='bbox 991 1854 1127 1917; x_wconf 89' lang='lat' dir='ltr'><strong>videtur</strong></span> 
     </span>
     <span class='ocr_line' id='line_1_17' title="bbox 166 1959 1127 2044; baseline -0.002 -21"><span class='ocrx_word' id='word_1_109' title='bbox 166 1981 211 2024; x_wconf 87' lang='lat' dir='ltr'><strong>ex</strong></span> <span class='ocrx_word' id='word_1_110' title='bbox 235 1959 430 2044; x_wconf 88' lang='lat' dir='ltr'><strong>Evangelio</strong></span> <span class='ocrx_word' id='word_1_111' title='bbox 453 1981 529 2024; x_wconf 88' lang='lat' dir='ltr'><strong>esse</strong></span> <span class='ocrx_word' id='word_1_112' title='bbox 555 1973 657 2024; x_wconf 88' lang='lat' dir='ltr'><strong>certa.</strong></span> <span class='ocrx_word' id='word_1_113' title='bbox 691 1964 768 2023; x_wconf 86' lang='lat' dir='ltr'><strong>Tum</strong></span> <span class='ocrx_word' id='word_1_114' title='bbox 803 1963 885 2042; x_wconf 89' lang='lat' dir='ltr'><strong>quia</strong></span> <span class='ocrx_word' id='word_1_115' title='bbox 919 1964 1024 2044; x_wconf 71' lang='lat' dir='ltr'><strong>graeci</strong></span> <span class='ocrx_word' id='word_1_116' title='bbox 1059 1961 1127 2022; x_wconf 86' lang='lat' dir='ltr'><strong>alia</strong></span> 
     </span>
     <span class='ocr_line' id='line_1_18' title="bbox 166 2066 1127 2151; baseline -0.001 -21"><span class='ocrx_word' id='word_1_117' title='bbox 166 2066 276 2133; x_wconf 82' lang='lat' dir='ltr'><strong>forma</strong></span> <span class='ocrx_word' id='word_1_118' title='bbox 299 2078 441 2132; x_wconf 91' lang='lat' dir='ltr'><strong>utuntur</strong></span> <span class='ocrx_word' id='word_1_119' title='bbox 463 2069 637 2132; x_wconf 88' lang='lat' dir='ltr'><strong>dicentes:</strong></span> <span class='ocrx_word' id='word_1_120' title='bbox 665 2069 732 2133; x_wconf 90' lang='lat' dir='ltr'><strong>Hic</strong></span> <span class='ocrx_word' id='word_1_121' title='bbox 755 2078 808 2131; x_wconf 92' lang='lat' dir='ltr'><strong>est</strong></span> <span class='ocrx_word' id='word_1_122' title='bbox 842 2067 996 2151; x_wconf 85' lang='lat' dir='ltr'><strong>Sanguis</strong></span> <span class='ocrx_word' id='word_1_123' title='bbox 1029 2087 1127 2131; x_wconf 90' lang='lat' dir='ltr'><strong>meus</strong></span> 
     </span>
     <span class='ocr_line' id='line_1_19' title="bbox 166 2176 1127 2259; baseline -0.001 -21"><span class='ocrx_word' id='word_1_124' title='bbox 166 2178 248 2238; x_wconf 90' lang='lat' dir='ltr'><strong>novi</strong></span> <span class='ocrx_word' id='word_1_125' title='bbox 272 2176 483 2239; x_wconf 87' lang='lat' dir='ltr'><strong>Testamenti</strong></span> <span class='ocrx_word' id='word_1_126' title='bbox 507 2179 566 2258; x_wconf 89' lang='lat' dir='ltr'><strong>qui</strong></span> <span class='ocrx_word' id='word_1_127' title='bbox 590 2196 654 2259; x_wconf 94' lang='lat' dir='ltr'><strong>pro</strong></span> <span class='ocrx_word' id='word_1_128' title='bbox 678 2177 778 2239; x_wconf 83' lang='lat' dir='ltr'><strong>vobis</strong></span> <span class='ocrx_word' id='word_1_129' title='bbox 801 2187 836 2239; x_wconf 92' lang='lat' dir='ltr'><strong>et</strong></span> <span class='ocrx_word' id='word_1_130' title='bbox 858 2196 921 2257; x_wconf 92' lang='lat' dir='ltr'><strong>pro</strong></span> <span class='ocrx_word' id='word_1_131' title='bbox 932 2177 1051 2239; x_wconf 93' lang='lat' dir='ltr'><strong>multis</strong></span> <span class='ocrx_word' id='word_1_132' title='bbox 1073 2186 1127 2238; x_wconf 89' lang='lat' dir='ltr'><strong>est</strong></span> 
     </span>
     <span class='ocr_line' id='line_1_20' title="bbox 166 2282 1127 2364; baseline 0 -20"><span class='ocrx_word' id='word_1_133' title='bbox 166 2284 201 2344; x_wconf 90' lang='lat' dir='ltr'><strong>in</strong></span> <span class='ocrx_word' id='word_1_134' title='bbox 218 2284 453 2345; x_wconf 88' lang='lat' dir='ltr'><strong>remissionem</strong></span> <span class='ocrx_word' id='word_1_135' title='bbox 470 2282 599 2345; x_wconf 90' lang='lat' dir='ltr'><strong>effusus</strong></span> <span class='ocrx_word' id='word_1_136' title='bbox 611 2295 837 2364; x_wconf 88' lang='lat' dir='ltr'><strong>peccatorum.</strong></span> <span class='ocrx_word' id='word_1_137' title='bbox 853 2320 894 2328; x_wconf 92' lang='lat'>-</span> <span class='ocrx_word' id='word_1_138' title='bbox 907 2283 1048 2353; x_wconf 88' lang='lat' dir='ltr'><strong>Tamen,</strong></span> <span class='ocrx_word' id='word_1_139' title='bbox 1072 2283 1127 2345; x_wconf 89' lang='lat' dir='ltr'><strong>his</strong></span> 
     </span>
     <span class='ocr_line' id='line_1_21' title="bbox 167 2388 1128 2470; baseline -0.001 -19"><span class='ocrx_word' id='word_1_140' title='bbox 167 2410 235 2451; x_wconf 91' lang='lat' dir='ltr'><strong>non</strong></span> <span class='ocrx_word' id='word_1_141' title='bbox 260 2390 475 2453; x_wconf 89' lang='lat' dir='ltr'><strong>obstantibus</strong></span> <span class='ocrx_word' id='word_1_142' title='bbox 498 2388 640 2452; x_wconf 90' lang='lat' dir='ltr'><strong>firmiter</strong></span> <span class='ocrx_word' id='word_1_143' title='bbox 664 2390 848 2453; x_wconf 89' lang='lat' dir='ltr'><strong>tenendum</strong></span> <span class='ocrx_word' id='word_1_144' title='bbox 871 2400 925 2453; x_wconf 89' lang='lat' dir='ltr'><strong>est</strong></span> <span class='ocrx_word' id='word_1_145' title='bbox 948 2390 1041 2470; x_wconf 91' lang='lat' dir='ltr'><strong>quod</strong></span> <span class='ocrx_word' id='word_1_146' title='bbox 1063 2388 1128 2450; x_wconf 85' lang='lat' dir='ltr'><strong>for·</strong></span> 
     </span>
     <span class='ocr_line' id='line_1_22' title="bbox 167 2496 1128 2559; baseline -0.002 0"><span class='ocrx_word' id='word_1_147' title='bbox 167 2517 223 2559; x_wconf 89' lang='lat' dir='ltr'><strong>ma</strong></span> <span class='ocrx_word' id='word_1_148' title='bbox 251 2506 368 2559; x_wconf 89' lang='lat' dir='ltr'><strong>nostra</strong></span> <span class='ocrx_word' id='word_1_149' title='bbox 401 2498 446 2559; x_wconf 90' lang='lat' dir='ltr'><strong>sit</strong></span> <span class='ocrx_word' id='word_1_150' title='bbox 473 2506 566 2559; x_wconf 90' lang='lat' dir='ltr'><strong>certa</strong></span> <span class='ocrx_word' id='word_1_151' title='bbox 592 2498 779 2559; x_wconf 90' lang='lat' dir='ltr'><strong>secundum</strong></span> <span class='ocrx_word' id='word_1_152' title='bbox 815 2498 1051 2559; x_wconf 87' lang='lat' dir='ltr'><strong>auctoritatem</strong></span> <span class='ocrx_word' id='word_1_153' title='bbox 1075 2496 1128 2557; x_wconf 92' lang='lat' dir='ltr'><strong>In-</strong></span> 
     </span>
     <span class='ocr_line' id='line_1_23' title="bbox 167 2600 1128 2666; baseline -0.002 -1"><span class='ocrx_word' id='word_1_154' title='bbox 167 2605 315 2666; x_wconf 90' lang='lat' dir='ltr'><strong>nocentii</strong></span> <span class='ocrx_word' id='word_1_155' title='bbox 340 2604 391 2663; x_wconf 85' lang='lat' dir='ltr'><strong>De</strong></span> <span class='ocrx_word' id='word_1_156' title='bbox 421 2604 560 2665; x_wconf 83' lang='lat' dir='ltr'><strong>celebrat.</strong></span> <span class='ocrx_word' id='word_1_157' title='bbox 597 2604 689 2665; x_wconf 69' lang='grc' dir='ltr'><strong>Μιζςε.</strong></span> <span class='ocrx_word' id='word_1_158' title='bbox 729 2604 807 2665; x_wconf 79' lang='lat' dir='ltr'><strong>Cum</strong></span> <span class='ocrx_word' id='word_1_159' title='bbox 843 2604 989 2665; x_wconf 64' lang='lat' dir='ltr'><strong>Martha.</strong></span> <span class='ocrx_word' id='word_1_160' title='bbox 1015 2600 1128 2666; x_wconf 91' lang='lat' dir='ltr'><strong>Multa</strong></span> 
     </span>
    </p>
   </div>
   <div class='ocr_carea' id='block_1_3' title="bbox 68 2704 1128 2791">
    <p class='ocr_par' dir='ltr' id='par_1_4' title="bbox 68 2704 1128 2791">
     <span class='ocr_line' id='line_1_24' title="bbox 68 2704 1128 2791; baseline 0.003 -24"><span class='ocrx_word' id='word_1_161' title='bbox 68 2758 72 2767; x_wconf 26' lang='lat' dir='ltr'><strong>r</strong></span> <span class='ocrx_word' id='word_1_162' title='bbox 166 2712 256 2772; x_wconf 92' lang='lat' dir='ltr'><strong>enim</strong></span> <span class='ocrx_word' id='word_1_163' title='bbox 285 2710 410 2773; x_wconf 89' lang='lat' dir='ltr'><strong>tradita</strong></span> <span class='ocrx_word' id='word_1_164' title='bbox 444 2720 524 2772; x_wconf 92' lang='lat' dir='ltr'><strong>sunt</strong></span> <span class='ocrx_word' id='word_1_165' title='bbox 558 2709 723 2773; x_wconf 87' lang='lat' dir='ltr'><strong>Ecclesiae</strong></span> <span class='ocrx_word' id='word_1_166' title='bbox 757 2704 803 2770; x_wconf 86' lang='lat' dir='ltr'><strong>ab&#39;</strong></span> <span class='ocrx_word' id='word_1_167' title='bbox 834 2707 1027 2791; x_wconf 82' lang='lat' dir='ltr'><strong>Apostolis,</strong></span> <span class='ocrx_word' id='word_1_168' title='bbox 1051 2727 1128 2790; x_wconf 87' lang='lat' dir='ltr'><strong>quae</strong></span> 
     </span>
    </p>
   </div>
   <div class='ocr_carea' id='block_1_4' title="bbox 166 2816 1130 3632">
    <p class='ocr_par' dir='ltr' id='par_1_5' title="bbox 166 2816 1130 3632">
     <span class='ocr_line' id='line_1_25' title="bbox 167 2816 1127 2897; baseline -0.001 -19"><span class='ocrx_word' id='word_1_169' title='bbox 167 2828 280 2879; x_wconf 88' lang='lat' dir='ltr'><strong>tamen</strong></span> <span class='ocrx_word' id='word_1_170' title='bbox 305 2836 373 2879; x_wconf 91' lang='lat' dir='ltr'><strong>non</strong></span> <span class='ocrx_word' id='word_1_171' title='bbox 401 2827 482 2879; x_wconf 91' lang='lat' dir='ltr'><strong>sunt</strong></span> <span class='ocrx_word' id='word_1_172' title='bbox 515 2819 644 2897; x_wconf 85' lang='lat' dir='ltr'><strong>scripta</strong></span> <span class='ocrx_word' id='word_1_173' title='bbox 678 2818 713 2878; x_wconf 91' lang='lat' dir='ltr'><strong>in</strong></span> <span class='ocrx_word' id='word_1_174' title='bbox 749 2816 952 2897; x_wconf 82' lang='lat' dir='ltr'><strong>Evangelio¹</strong></span> <span class='ocrx_word' id='word_1_175' title='bbox 979 2852 1020 2860; x_wconf 98' lang='lat'><strong>—</strong></span> <span class='ocrx_word' id='word_1_176' title='bbox 1056 2816 1127 2877; x_wconf 89' lang='lat' dir='ltr'><strong>Nec</strong></span> 
     </span>
     <span class='ocr_line' id='line_1_26' title="bbox 167 2922 1129 3005; baseline -0.002 -20"><span class='ocrx_word' id='word_1_177' title='bbox 167 2924 281 2985; x_wconf 84' lang='lat' dir='ltr'><strong>obstat</strong></span> <span class='ocrx_word' id='word_1_178' title='bbox 304 2924 396 3005; x_wconf 90' lang='lat' dir='ltr'><strong>quod</strong></span> <span class='ocrx_word' id='word_1_179' title='bbox 420 2924 544 2986; x_wconf 92' lang='lat' dir='ltr'><strong>dicitur</strong></span> <span class='ocrx_word' id='word_1_180' title='bbox 567 2924 610 2985; x_wconf 88' lang='lat' dir='ltr'><strong>de</strong></span> <span class='ocrx_word' id='word_1_181' title='bbox 636 2922 884 3004; x_wconf 83' lang='lat' dir='ltr'><strong>Evangelistis.</strong></span> <span class='ocrx_word' id='word_1_182' title='bbox 909 2924 991 3002; x_wconf 88' lang='lat' dir='ltr'><strong>quia</strong></span> <span class='ocrx_word' id='word_1_183' title='bbox 1022 2924 1129 2983; x_wconf 88' lang='lat' dir='ltr'><strong>inten-</strong></span> 
     </span>
     <span class='ocr_line' id='line_1_27' title="bbox 167 3012 1128 3112; baseline -0.003 -21"><span class='ocrx_word' id='word_1_184' title='bbox 167 3031 293 3091; x_wconf 85' lang='lat' dir='ltr'><strong>debant</strong></span> <span class='ocrx_word' id='word_1_185' title='bbox 317 3049 454 3091; x_wconf 88' lang='lat' dir='ltr'><strong>narrare</strong></span> <span class='ocrx_word' id='word_1_186' title='bbox 477 3049 548 3091; x_wconf 91' lang='lat' dir='ltr'><strong>rem</strong></span> <span class='ocrx_word' id='word_1_187' title='bbox 574 3040 718 3112; x_wconf 85' lang='lat' dir='ltr'><strong>gestam,</strong></span> <span class='ocrx_word' id='word_1_188' title='bbox 744 3049 810 3091; x_wconf 90' lang='lat' dir='ltr'><strong>non</strong></span> <span class='ocrx_word' id='word_1_189' title='bbox 846 3039 959 3090; x_wconf 90' lang='lat' dir='ltr'><strong>autem</strong></span> <span class='ocrx_word' id='word_1_190' title='bbox 995 3012 1128 3091; x_wconf 78' lang='lat' dir='ltr'><strong>tradere</strong></span> 
     </span>
     <span class='ocr_line' id='line_1_28' title="bbox 167 3134 1129 3217; baseline -0.001 -20"><span class='ocrx_word' id='word_1_191' title='bbox 167 3135 311 3198; x_wconf 80' lang='lat' dir='ltr'><strong>formam</strong></span> <span class='ocrx_word' id='word_1_192' title='bbox 336 3139 612 3198; x_wconf 90' lang='lat' dir='ltr'><strong>consecrationis.</strong></span> <span class='ocrx_word' id='word_1_193' title='bbox 639 3136 693 3197; x_wconf 92' lang='lat' dir='ltr'><strong>De</strong></span> <span class='ocrx_word' id='word_1_194' title='bbox 716 3134 826 3197; x_wconf 80' lang='lat' dir='ltr'><strong>forma</strong></span> <span class='ocrx_word' id='word_1_195' title='bbox 852 3136 1007 3198; x_wconf 88' lang='lat' dir='ltr'><strong>ecclesiae</strong></span> <span class='ocrx_word' id='word_1_196' title='bbox 1043 3154 1129 3217; x_wconf 84' lang='lat' dir='ltr'><strong>grae-</strong></span> 
     </span>
     <span class='ocr_line' id='line_1_29' title="bbox 166 3240 1127 3313; baseline -0.002 -8"><span class='ocrx_word' id='word_1_197' title='bbox 166 3263 294 3313; x_wconf 82' lang='lat' dir='ltr'><strong>corum,</strong></span> <span class='ocrx_word' id='word_1_198' title='bbox 331 3242 487 3305; x_wconf 89' lang='lat' dir='ltr'><strong>Ecclesia</strong></span> <span class='ocrx_word' id='word_1_199' title='bbox 521 3264 589 3305; x_wconf 92' lang='lat' dir='ltr'><strong>non</strong></span> <span class='ocrx_word' id='word_1_200' title='bbox 624 3244 706 3305; x_wconf 91' lang='lat' dir='ltr'><strong>dicit</strong></span> <span class='ocrx_word' id='word_1_201' title='bbox 740 3262 800 3304; x_wconf 89' lang='lat' dir='ltr'><strong>eos</strong></span> <span class='ocrx_word' id='word_1_202' title='bbox 834 3262 902 3305; x_wconf 92' lang='lat' dir='ltr'><strong>non</strong></span> <span class='ocrx_word' id='word_1_203' title='bbox 941 3240 1127 3313; x_wconf 84' lang='lat' dir='ltr'><strong>conficere;</strong></span> 
     </span>
     <span class='ocr_line' id='line_1_30' title="bbox 169 3346 1129 3431; baseline -0.001 -20"><span class='ocrx_word' id='word_1_204' title='bbox 169 3350 258 3411; x_wconf 88' lang='lat' dir='ltr'><strong>unde</strong></span> <span class='ocrx_word' id='word_1_205' title='bbox 282 3351 400 3412; x_wconf 91' lang='lat' dir='ltr'><strong>dicunt</strong></span> <span class='ocrx_word' id='word_1_206' title='bbox 423 3350 528 3430; x_wconf 89' lang='lat' dir='ltr'><strong>aliqui</strong></span> <span class='ocrx_word' id='word_1_207' title='bbox 554 3350 646 3431; x_wconf 90' lang='lat' dir='ltr'><strong>quod</strong></span> <span class='ocrx_word' id='word_1_208' title='bbox 670 3347 780 3411; x_wconf 79' lang='lat' dir='ltr'><strong>forma</strong></span> <span class='ocrx_word' id='word_1_209' title='bbox 802 3369 920 3411; x_wconf 91' lang='lat' dir='ltr'><strong>eorum</strong></span> <span class='ocrx_word' id='word_1_210' title='bbox 951 3358 985 3411; x_wconf 92' lang='lat' dir='ltr'><strong>et</strong></span> <span class='ocrx_word' id='word_1_211' title='bbox 1019 3346 1129 3410; x_wconf 79' lang='lat' dir='ltr'><strong>forma</strong></span> 
     </span>
     <span class='ocr_line' id='line_1_31' title="bbox 168 3455 1130 3537; baseline -0.001 -21"><span class='ocrx_word' id='word_1_212' title='bbox 168 3467 286 3518; x_wconf 89' lang='lat' dir='ltr'><strong>nostra</strong></span> <span class='ocrx_word' id='word_1_213' title='bbox 309 3465 342 3517; x_wconf 86' lang='lat' dir='ltr'><strong>et</strong></span> <span class='ocrx_word' id='word_1_214' title='bbox 366 3475 591 3537; x_wconf 87' lang='lat' dir='ltr'><strong>quaecumque</strong></span> <span class='ocrx_word' id='word_1_215' title='bbox 609 3455 719 3517; x_wconf 88' lang='lat' dir='ltr'><strong>forma</strong></span> <span class='ocrx_word' id='word_1_216' title='bbox 730 3458 858 3537; x_wconf 87' lang='lat' dir='ltr'><strong>scripta</strong></span> <span class='ocrx_word' id='word_1_217' title='bbox 873 3458 908 3517; x_wconf 93' lang='lat' dir='ltr'><strong>in</strong></span> <span class='ocrx_word' id='word_1_218' title='bbox 925 3455 1130 3537; x_wconf 86' lang='lat' dir='ltr'><strong>Evangeliis</strong></span> 
     </span>
     <span class='ocr_line' id='line_1_32' title="bbox 168 3560 1130 3632; baseline -0.001 -9"><span class='ocrx_word' id='word_1_219' title='bbox 168 3560 340 3623; x_wconf 87' lang='lat' dir='ltr'><strong>sufficiens</strong></span> <span class='ocrx_word' id='word_1_220' title='bbox 366 3562 485 3623; x_wconf 86' lang='lat' dir='ltr'><strong>estad</strong></span> <span class='ocrx_word' id='word_1_221' title='bbox 511 3563 812 3632; x_wconf 87' lang='lat' dir='ltr'><strong>consecrationem,</strong></span> <span class='ocrx_word' id='word_1_222' title='bbox 848 3572 962 3625; x_wconf 87' lang='lat' dir='ltr'><strong>tamen</strong></span> <span class='ocrx_word' id='word_1_223' title='bbox 998 3564 1033 3623; x_wconf 91' lang='lat' dir='ltr'><strong>in</strong></span> <span class='ocrx_word' id='word_1_224' title='bbox 1069 3560 1130 3623; x_wconf 90' lang='lat' dir='ltr'><strong>Ec·</strong></span> 
     </span>
    </p>
   </div>
   <div class='ocr_carea' id='block_1_5' title="bbox 0 0 1310 4200">
    <p class='ocr_par' dir='ltr' id='par_1_6' title="bbox 0 0 1310 4200">
     <span class='ocr_line' id='line_1_33' title="bbox 0 0 1310 4200; baseline 0 0"><span class='ocrx_word' id='word_1_225' title='bbox 0 0 1310 4200; x_wconf 95' lang='lat' dir='ltr'><strong> </strong></span> 
     </span>
    </p>
   </div>
  </div>
 </body>
</html>
