2600 4200
326 206 514 270 Drsulucr.
534 205 708 270 XXXIX
731 204 884 285 Quasi.
903 205 918 267 Ι
1015 227 1078 286 333

139 405 223 448 xum
246 387 434 448 contractui
460 386 494 448 in
520 395 610 448 statu
636 386 852 453 innocentiae,
877 386 905 447 si
919 403 1053 464 semper
1064 385 1101 448 in

138 495 206 556 isto
230 500 322 554 statu
345 493 600 572 permansisset,
626 511 687 554 nec
711 501 826 554 tamen
842 489 1102 554 defuissettunc

138 599 269 679 aliquid
292 599 334 660 de
365 596 572 678 perfectione
603 601 780 679 pertinens
813 598 857 659 ad
890 607 1103 661 contractum

138 707 356 768 matrimonii.
390 739 430 750 —-
467 705 526 768 Ad
560 711 708 782 quartam
741 705 953 783 difficultatem
988 711 1132 784 potest‘

137 813 205 874 dici
230 813 322 892 quod
345 811 442 874 Deus
465 821 544 892 post
567 811 703 891 lapsum
727 811 919 874 licentiavit
945 810 1102 873 homines

138 919 183 980 ad
217 919 319 982 talem
354 919 654 982 commutationem
691 937 759 980 non
794 926 927 982 tantum
961 926 1101 997 propter

137 1027 286 1106 primum
310 1025 423 1094 finem,
448 1035 486 1088 ut
517 1035 609 1088 esset
639 1026 674 1086 in
710 1022 868 1094 officium,
904 1023 966 1086 sed
998 1025 1101 1086 etiam

137 1144 279 1212 propter
302 1133 499 1201 secundum,
524 1140 563 1192 ut
586 1141 678 1196 esset
700 1133 735 1193 in
759 1131 957 1200 remedium,
974 1139 1008 1192 et
1019 1141 1101 1192 tunc

139 1247 275 1302 utentes
288 1239 354 1300 ista
365 1239 640 1308 commutatione,
657 1239 687 1300 si
705 1256 774 1300 non·
789 1237 967 1299 attendant
982 1237 1102 1300 adhoc

137 1346 221 1426 quia
243 1345 382 1408 licentia
404 1355 466 1414 est,
491 1347 572 1424 quia
596 1345 758 1425 ignorant
782 1344 895 1426 legem
927 1343 1003 1413 Dei,
1029 1363 1100 1408 non

138 1461 295 1534 peccant;
320 1453 483 1514 sic-enim
509 1453 543 1514 in
567 1451 644 1514 aliis
677 1451 834 1519 licentiis,
858 1450 939 1512 licet
972 1452 1103 1514 nesciat

137 1577 177 1620 se
200 1559 422 1628 licentiatum,
448 1559 528 1620 dum
553 1569 667 1620 tamen
691 1561 800 1620 nescit
823 1557 909 1620 illud
931 1576 1008 1620 esse
1038 1557 1102 1620 illi·

138 1667 255 1734 citum,
280 1684 348 1726 non
372 1675 499 1744 peccat.
525 1665 592 1728 Vel
614 1674 729 1746 potest
751 1665 818 1726 dici
841 1665 992 1733 brevius,
1009 1664 1102 1743 quod

137 1769 265 1833 sufficit
288 1773 353 1832 sibi
378 1774 465 1832 scire
490 1773 581 1834 istud
604 1791 681 1834 esse
704 1771 747 1833 de
759 1771 837 1852 lege
848 1780 991 1840 naturae,
1009 1770 1102 1850 quod

139 1887 253 1940 autern
277 1889 331 1939 est
353 1879 395 1942 de
419 1878 498 1960 lege
522 1889 654 1941 naturae
689 1887 743 1940 est
775 1897 821 1940 ex
855 1878 1101 1958 approbatione

137 1985 266 2048 divina.
292 2021 333 2030 —-
358 1985 418 2048 Ad
442 1985 595 2048 ultimam
627 1983 862 2048 difficultatem
897 1984 973 2046 dico
1008 1983 1102 2064 quod

137 2093 394 2155 matrimonium
419 2102 528 2155 ratum
552 2102 646 2155 esset
670 2093 736 2154 nisi
772 2091 955 2173 aliquando
985 2110 1103 2173 super·

138 2201 272 2261 veniret
293 2199 476 2261 ¹uinculum
508 2197 631 2263 fortius
665 2218 743 2261 cum
778 2216 846 2279 quo
880 2218 949 2261 non
983 2208 1102 2277 posset

138 2307 232 2369 istud
256 2315 356 2375 stare,
373 2306 561 2385 cujusmodi
579 2316 632 2367 est
647 2305 815 2386 obligatio
826 2324 917 2367 nova
928 2304 972 2367 ad
988 2304 1100 2367 Deum

138 2432 201 2493 per
223 2410 301 2475 fidei
326 2414 589 2493 susceptionem,
624 2413 762 2491 quando
796 2412 881 2473 alter
914 2411 1100 2492 conjugum

140 2518 246 2581 nollet
270 2520 469 2581 commorari
494 2519 623 2599 absque
649 2518 892 2597 impedimento
916 2516 1100 2609 illiusfidei

137 2626 307 2705 adquam
332 2627 445 2707 magis
469 2636 604 2687 tenetur
627 2645 731 2705 quam
755 2626 798 2686 ad
820 2624 996 2688 vinculum
1022 2642 1102 2686 con·

133 2732 264 2813 jugale.
290 2731 354 2793 Est
377 2750 461 2813 ergo
485 2742 596 2793 ratum
621 2732 792 2793 stantibus
823 2731 1013 2793 rationibus
1043 2750 1101 2793 ex·

137 2846 335 2909 tremorum,
360 2838 421 2899 sed
445 2858 511 2901 non
536 2848 589 2899 est
612 2848 724 2899 ratum
747 2856 809 2917 pro
832 2846 914 2899 tunc
937 2856 1000 2917 pro
1031 2856 1100 2917 quo

138 2942 262 3007 lortius
285 2944 460 3009 vinculum
485 2945 722 3025 superveniret
744 2962 822 3005 cum
846 2944 946 3005 istius
970 2942 1099 3007 vinculi
1199 3014 1205 3027 ⁸

137 3052 359 3115 observantia
380 3061 597 3133 repugnaret.

147 3308 149 3311 -
234 3262 451 3344 Quaestum
486 3262 543 3327 ud
575 3264 808 3327 seeundum
841 3261 1099 3337 Articulum,

138 3368 299 3433 videlicet
322 3371 351 3433 si
375 3368 493 3433 fideles
517 3378 635 3449 posset
657 3369 858 3435 contrahere
868 3388 945 3431 cum
958 3366 1098 3438 infideli,

137 3477 215 3539 dico
239 3487 308 3538 tres
332 3475 587 3540 Conclusiones.
612 3477 735 3544 Pn'nm,
756 3476 848 3555 quod
864 3477 953 3539 inter
962 3474 1097 3540 fidelem

136 3592 173 3645 et
195 3582 367 3647 infidelem
391 3592 505 3663 potest
532 3602 607 3647 esse
642 3584 906 3646 matrimonium.
941 3582 1093 3650 Secunda.
