2600 4200
284 232 475 294 D1sr1ncr.
501 229 672 292 XXXIV
690 229 842 310 QoAEsr.
872 230 925 292 ΙΙΙ
999 251 1062 308 3¹9

124 418 189 489 cap.
215 412 370 490 sequitur
392 411 482 471 enim
507 410 568 470 ibi:
593 411 730 471 tolerari
743 429 812 470 non
828 408 930 470 debet
942 410 971 470 si
987 410 1086 488 prius

125 516 181 578 vel
204 526 292 597 post,
316 517 437 594 supple:
458 517 559 596 fidem
584 517 699 582 datam,
720 516 801 578 dum
817 515 908 577 vixit
932 533 1030 584 uxor,
1049 514 1087 575 il·

124 624 193 684 lam
217 623 383 685 a'dulterio
406 623 594 702 polluisset.
620 621 719 684 Istud
742 631 855 684 autem
890 621 1084 704 intelligen-

125 731 205 792 dum
230 739 283 792 est
306 748 382 791 cum
407 731 506 791 ambo
530 731 599 791 sint
623 730 750 791 conscii
775 728 867 810 quod
897 729 963 790 iste
986 737 1086 790 actus

126 845 179 898 est
201 835 415 904 adulterium.
440 837 521 916 quia
548 837 577 897 si
602 836 657 896 vir
671 844 803 896 tantum
820 843 912 896 esset
927 833 1087 896 conscius

125 953 160 1004 et
183 943 306 1004 mulier
329 943 446 1012 inscia,
470 951 554 1022 puta
577 942 658 1023 quia
688 943 835 1003 nescivit
859 960 936 1002 eum
961 941 1086 1003 habere

126 1069 279 1118 uxorem,
305 1057 385 1110 tune
410 1049 452 1110 ad
476 1031 676 1129 petitionem
701 1048 767 1109 viri
792 1067 859 1109 non
872 1055 964 1110 esset
976 1047 1089 1108 divor·

127 1157 213 1217 tium
229 1155 478 1224 celebrandum,
496 1165 534 1217 ut
551 1155 696 1216 habetur
711 1157 744 1214 in
761 1155 865 1214 eadem
883 1154 1008 1214 rubrica
1019 1175 1044 1214 c.
1057 1173 1085 1214 r.

225 1263 326 1322 Tertio
349 1263 425 1322 dico
456 1262 548 1341 quod
582 1261 640 1322 ubi
676 1260 809 1322 adulter
843 1260 898 1322 vel
932 1260 1088 1321 adultera

126 1369 341 1430 machinatur
365 1370 399 1428 in
424 1375 566 1430 mortem
591 1368 739 1449 legitimi
764 1367 932 1448 conjugis»,
957 1366 1003 1428 ibi
1028 1368 1088 1428 im-

127 1475 223 1555 pedit
245 1475 498 1536 matrimonium
530 1483 564 1535 et
599 1475 729 1535 dirimit
759 1475 829 1554 jam
864 1482 1085 1560 contractum.

127 1581 225 1642 Istud
248 1589 342 1660 patet
366 1583 399 1640 in
422 1587 487 1658 cap.
513 1581 729 1658 proeallegato,
757 1590 792 1642 et
814 1581 933 1641 Extra.
957 1580 995 1639 de
1017 1599 1086 1639 con·

126 1690 267 1748 versione
289 1688 475 1767 infidelium,
502 1707 527 1747 c.
553 1687 770 1747 Laudabilem.

218 1796 340 1870 Quarto
363 1794 439 1855 dico
463 1793 555 1873 quod
578 1795 636 1854 ubi
672 1791 805 1854 adulter
841 1792 897 1854 vel
932 1792 1088 1853 adultera

127 1920 195 1962 non
220 1899 385 1962 dederunt
409 1901 474 1961 sibi
505 1898 608 1962 fidem
643 1899 685 1960 de
719 1899 937 1960 matrimonio
956 1907 1087 1959 contra·

127 2006 249 2077 hendo,
275 2026 336 2068 nec
360 2006 445 2068 alter
468 2025 584 2068 eorum
610 2007 644 2067 in
669 2014 812 2068 mortem
836 2005 983 2086 legitimi
1011 2023 1089 2076 con·

123 2116 219 2197 jugis
243 2125 295 2176 est
319 2114 542 2185 machinatus
567 2114 821 2176 matrimonium
845 2114 934 2174 inter
955 2132 1015 2173 eos
1031 2130 1090 2191 po-

127 2231 196 2285 test
218 2222 372 2303 legitime
396 2221 559 2290 contrahi,
584 2229 622 2282 ut
634 2220 778 2281 habetur
793 2220 910 2279 Extra.
929 2222 962 2279 in
978 2226 1090 2296 supra·

127 2330 207 2388 dicta
231 2328 365 2395 rubrica,
397 2349 422 2388 c.
448 2326 656 2407 Srgnr'ficastr'.
682 2325 789 2388 Ratio
822 2336 936 2387 autem
971 2343 1089 2387 secun·

128 2436 183 2495 dae
206 2444 241 2495 et
263 2436 374 2495 tertiae
397 2431 636 2496 Conclusionis
660 2452 728 2493 non
753 2441 805 2494 est
829 2434 894 2493 nisi
921 2440 1088 2493 statutum

128 2540 295 2603 Ecclesiae
318 2560 396 2621 quae
422 2539 617 2621 illegitimat
639 2535 835 2619 hujusmodi
855 2557 1020 2619 personas
1043 2538 1087 2598 ad

128 2647 406 2711 contrahendum.
433 2682 474 2690 -
499 2644 568 2709 Sed
592 2647 620 2707 si
649 2664 785 2726 quaeras
819 2646 986 2706 rationem
1021 2663 1090 2706 mo

129 2764 266 2815 ventem
290 2752 481 2815 Ecclesiam
506 2752 549 2813 ad
572 2753 621 2813 sic
645 2752 882 2819 ordinandum,
899 2751 976 2812 dico
996 2750 1089 2831 quod

129 2870 182 2922 est
198 2860 366 2940 repressio
387 2858 543 2921 adulterii
560 2869 594 2920 et
610 2858 784 2920 homicidii
801 2877 879 2937 quae
895 2855 1091 2937 frequenter

130 2967 323 3029 acciderent
356 2968 385 3027 si
418 2965 611 3046 hujusmodi
647 2984 804 3045 personae
839 2975 980 3044 possent
1013 2982 1091 3024 con-

129 3072 273 3135 trahere.

219 3285 281 3347 Ao
305 3298 579 3347 aneonmmon
603 3286 636 3344 in
659 3291 853 3344 ceutronum
887 3284 964 3343 dico
998 3284 1091 3361 quod

130 3412 199 3455 non
223 3390 288 3453 fuit
311 3392 369 3454 lex
393 3394 460 3453 ista
483 3400 611 3452 statuta
634 3410 698 3471 pro
721 3400 874 3470 tempore
898 3390 967 3450 illo.
