2600 4200
129 419 197 479 nisi
222 427 370 498 ponatur
395 417 590 489 character;
616 437 701 499 ergo
713 420 749 479 in
766 417 957 498 Baptismo‚
980 421 1096 500 impri-

127 525 235 586 mitur
258 523 442 587 character.

220 629 265 692 ΙΝ
300 644 385 694 rsra
424 643 651 707 QUAEsrrortE
694 640 775 693 sunt
817 640 888 693 tres
930 630 1093 693 Articuli.

129 737 252 807 Pauo,
290 747 344 799 est
378 737 563 800 videndum
598 737 681 818 quid
716 738 919 818 importetur
954 740 1094 800 nomine

127 843 345 906 characteris.
371 843 519 912 Secundo,
548 846 578 906 si
606 846 641 906 in
674 844 855 924 Baptismo
886 845 1095 925 imprimitur

128 949 314 1012 character.
348 951 458 1018 Tertz'o,
488 952 516 1012 si
541 951 717 1013 character
740 953 929 1032 impressus
953 952 998 1014 sit
1029 950 1095 1013 ior-

129 1076 187 1118 ma
209 1056 366 1119 delebilis
390 1057 446 1119 vel
469 1057 673 1120 indelebilis.

225 1269 443 1350 erantrrm
467 1271 524 1334 ad
534 1269 733 1350 privtum
749 1269 996 1334 Articulum
1012 1279 1095 1333 sunt

130 1379 197 1438 tria
229 1377 387 1438 notanda.
423 1376 544 1446 Primo,
578 1376 672 1457 quod
706 1375 881 1438 character
915 1377 1006 1439 idem
1040 1387 1094 1439 est

129 1483 224 1564 quod
247 1484 387 1564 signum
410 1483 467 1545 vel
489 1481 614 1564 figura:
630 1481 779 1564 Signum
796 1485 1095 1564 autemaccipitur

128 1590 265 1653 duobus
289 1590 409 1661 modis,
433 1591 516 1670 quia
538 1600 591 1651 est
615 1591 755 1672 signum
779 1590 924 1652 interius
950 1600 985 1652 et
1000 1600 1095 1652 exte·

130 1698 223 1769 rius;
249 1697 304 1758 vel
328 1698 467 1778 signum
492 1699 527 1758 in
552 1699 666 1758 anima
681 1706 716 1758 et
731 1698 870 1778 signum
888 1698 923 1758 in
939 1715 1092 1778 corpore.

129 1801 169 1866 Si
194 1804 366 1883 loquimur
389 1803 432 1866 de
455 1805 557 1886 signo
581 1804 743 1865 exteriori
767 1801 859 1864 facto
886 1805 1106 1884 incorpore..
1167 1847 1173 1858 .

130 1920 212 1972 tunc
236 1911 366 1973 ablutio
390 1910 559 1991 Baptismi
592 1919 707 1990 potest
737 1911 803 1971 dici
836 1909 1020 1972 character.
1052 1909 1092 1972 Si

131 2017 304 2098 loquimur
326 2016 369 2078 de
392 2019 494 2098 signo
518 2018 672 2078 interiori
695 2014 786 2078 facto
811 2018 845 2078 in
863 2017 986 2087 anima,
1004 2017 1095 2078 sicut

130 2126 166 2186 in
204 2112 382 2206 proposito
418 2124 599 2205 loquimur,
635 2118 717 2187 tunc
752 2124 881 2205 aliquid
912 2124 1094 2205 spirituale

132 2232 336 2313 impressum
372 2232 494 2294 animae
528 2252 548 2303 a
582 2230 658 2293 Deo
690 2232 725 2292 in
757 2230 937 2311 Baptismo
968 2230 1095 2292 dicitur

129 2338 316 2401 character.

219 2445 360 2506 Secundo
381 2454 435 2506 est
458 2444 645 2506 notandum
674 2444 767 2523 quod
797 2442 883 2504 illud
914 2443 1095 2524 spirituale

130 2550 233 2613 modo
271 2553 504 2632 praeexposito
531 2553 736 2631 impressum
768 2552 892 2611 animae
939 2552 974 2611 in
1006 2550 1097 2629 Bap-

129 2659 233 2720 tismo
268 2678 335 2720 non
371 2668 424 2719 est
457 2659 570 2739 gratia
604 2676 666 2719 nec
690 2657 806 2736 aliqua
829 2658 940 2718 virtus
969 2653 1093 2725 inlusa,

130 2774 215 2845 puta
236 2763 331 2833 fides,
349 2784 429 2845 spes
446 2764 502 2825 vel
518 2764 676 2825 charitas.
694 2763 860 2830 Probatur,
882 2764 964 2843 quia
975 2762 1092 2824 chara·

129 2882 211 2943 tter,
236 2873 423 2933 secundum
448 2866 638 2951 loquentes
652 2870 694 2930 de
718 2889 759 2930 eo
783 2888 918 2949 semper
931 2870 1096 2949 imprimi-

131 2986 187 3039 tur
221 2979 257 3039 in
292 2976 481 3057 Baptismo‚
517 2979 606 3039 sicut
640 2986 693 3037 est
726 2978 762 3037 in
796 2974 875 3037 ficte
908 2975 1093 3055 baptizato.

131 3084 299 3153 preterea,
328 3092 495 3165 ponentes
518 3084 728 3145 charaterem
752 3091 885 3162 ponunt
908 3101 986 3142 eum
1003 3083 1096 3143 inde-

131 3191 288 3261 lebilem;
314 3192 378 3253 sed*
399 3191 467 3252 illae
493 3194 638 3252 virtutes
667 3209 735 3249 non
767 3199 848 3250 sunt
879 3188 1111 3259 indelebiles,·

57 3266 64 3283 ι
130 3309 169 3359 ut
192 3307 286 3379 patet
310 3300 345 3359 in
369 3307 532 3378 peccante
556 3297 766 3366 mortaliter;
792 3314 885 3377 erg0.

230 3406 339 3473 Tertio,
371 3416 423 3466 est
455 3404 641 3465 notandum
674 3402 767 3483 quod
798 3401 884 3463 illud
915 3402 1095 3481 spirituale

130 3513 336 3592 impressum
360 3514 483 3573 animae
508 3510 601 3591 quod
624 3510 749 3572 dicitur
783 3508 957 3569 character
991 3506 1097 3569 habet

130 3617 175 3678 ad
199 3620 311 3680 minus
334 3620 486 3699 quinque
509 3618 746 3698 proprietates
771 3614 885 3675 Prima
913 3614 1005 3693 quod
1041 3623 1096 3674 est
