2600 4200
247 268 288 347 36
449 265 524 330 Lru.
549 269 593 330 111
618 267 911 332 Ssnranrmxun

224 482 362 535 mortem
387 491 549 554 apparens
572 471 702 536 cuidam
729 471 891 534 monacho
904 469 1105 546 Clarevallis;
1129 491 1186 551 ap-

224 597 339 660 parens
362 579 449 640 enim
473 579 502 640 ei
533 578 676 661 fulgidus
710 588 742 640 et
777 578 902 640 lucidus
935 577 1088 659 apparuit
1118 597 1185 638 una

224 686 351 747 macula
375 685 407 746 in
431 684 500 766 ejus
525 694 655 766 pectore
678 705 779 766 quam
803 684 887 746 dixit
917 704 951 746 se
981 683 1100 745 habere
1123 703 1188 764 pro

222 811 263 855 eo
286 793 375 874 quod
399 792 483 853 dixit
506 792 677 873 Virginem
712 811 780 854 esse
810 800 1003 872 conceptam
1035 790 1068 851 in
1091 789 1185 871 origi-

224 899 287 961 nali
311 906 455 980 peccato
481 899 525 961 Et
559 899 585 960 si
619 898 672 960 illa
710 897 876 978 responsio
900 917 966 960 non
989 897 1104 978 placet,
1129 917 1185 957 ne-

223 1007 351 1088 gandus
385 1013 433 1066 est
468 1005 500 1067 in
536 1005 617 1078 hoc,
650 1024 709 1066 nec
743 1006 880 1085 derogat
904 1003 1064 1065 sanctitati
1103 1003 1185 1083 ejus,

222 1112 389 1194 quianon
422 1131 549 1192 semper
583 1111 685 1172 sancti
720 1131 739 1173 a
775 1111 896 1193 Spiritu
929 1109 1051 1174 Sancto
1086 1109 1186 1170 locuti

223 1228 308 1294 sunt,
333 1217 578 1300 propterquod
603 1217 835 1297 Hieronymus,
860 1217 1086 1299 Augustinus,
1117 1215 1187 1295 Cy-

224 1325 356 1406 prianus
379 1324 437 1386 sibi
461 1324 689 1387 contradicunt
713 1325 743 1385 in
770 1323 817 1385 his
841 1343 917 1406 quae
942 1343 1007 1386 non
1024 1323 1188 1384 suntsim-

224 1431 347 1513 pliciter
371 1441 483 1493 contra
506 1430 615 1494 fidem.
667 1436 670 1445 '

291 1537 349 1600 Ad
361 1539 450 1601 illud
470 1537 601 1614 decreti,
626 1538 741 1601 dicitur
775 1539 866 1620 quod
901 1546 1039 1601 nonest
1073 1545 1190 1598 textus

224 1645 281 1707 sed
304 1655 479 1726 apparatus
492 1665 499 1721 ;
524 1646 658 1726 quando
691 1654 801 1707 autem
837 1653 1013 1726 apparatus
1035 1653 1084 1706 est
1106 1663 1186 1705 con-

223 1762 274 1814 tra
298 1751 435 1816 Sanctos
459 1773 525 1814 non
549 1752 707 1814 debemus
728 1773 804 1813 eum
828 1761 946 1814 tenere.

291 1857 349 1919 Ad
362 1858 510 1939 primam
534 1859 692 1920 rationem
716 1859 789 1920 dico
812 1859 903 1940 quod
915 1857 996 1920 ratio
1017 1857 1099 1919 bene
1110 1877 1189 1918 con-

224 1965 324 2029 cludit
370 1964 411 2026 de
434 1965 647 2047 conceptione
682 1965 842 2027 seminum
877 1975 911 2028 et
944 1984 1010 2027 non
1045 1965 1086 2026 de
1108 1983 1187 2025 con-

224 2072 373 2155 ceptione
397 2079 596 2145 naturarum‚
620 2071 704 2136 sicut
726 2072 926 2135 declaratum
943 2080 991 2135 est
1015 2071 1047 2133 in
1071 2069 1191 2153 princi-

224 2179 279 2261 pio
303 2177 399 2259 hujus
423 2178 593 2260 opinionis.

290 2286 349 2347 Ad
367 2285 541 2347 secundum
565 2304 640 2345 cum
659 2283 775 2347 dicitur
799 2286 888 2367 quod
905 2306 971 2347 non
995 2283 1187 2367 indiguisset

225 2392 455 2474 Redemptore,
480 2391 553 2453 dico
585 2391 816 2471 quodfalsum
851 2400 900 2454 est
934 2392 1003 2453 imo
1040 2390 1187 2453 maxime

224 2498 298 2580 Ipsa
321 2498 510 2579 indiguisset
533 2498 739 2579 redemptore
761 2498 838 2581 quia
869 2500 943 2580 Ipsa
971 2497 1188 2561 contraxisset

225 2604 380 2686 originale
403 2603 462 2665 nisi
485 2602 595 2666 fuisset
612 2604 703 2667 Deus
727 2606 885 2668 mediator
921 2605 1121 2687 praeveniens
1152 2616 1190 2669 et

224 2730 425 2793 praeservans
449 2710 567 2792 Ipsam.

291 2816 349 2879 Ad
368 2816 467 2879 aliud
486 2816 599 2880 dicunt
621 2818 719 2899 aliqui
742 2819 832 2900 quod
857 2839 922 2880 non
956 2827 1005 2881 est
1031 2819 1190 2881 inconve-

224 2924 314 2986 niens
345 2924 434 3005 quod
459 2922 606 2986 Christus
641 2944 709 2986 suae
747 2925 845 2987 Matri
885 2934 1009 2988 tantam
1045 2925 1187 3008 gratiam

224 3030 404 3105 contulerit,
429 3030 519 3111 quod
542 3030 568 3091 si
601 3040 730 3093 mortua
761 3030 871 3093 fuisset
894 3042 970 3094 ante
1001 3032 1186 3114 passionem

224 3135 331 3199 ivisset
354 3137 395 3197 ad
427 3137 560 3198 coelum.
591 3137 767 3199 --Aliter
800 3138 917 3201 dicitur
950 3139 1041 3221 quod
1076 3158 1188 3201 conse·

224 3242 356 3323 quentia
380 3262 445 3304 non
462 3242 557 3316 valet,
581 3242 658 3324 quia
681 3243 760 3305 illud
772 3254 840 3306 erat
853 3244 1021 3307 decretum
1036 3245 1187 3307 divinum

223 3348 313 3429 quod
338 3349 444 3411 nullus
479 3348 700 3431 ingrederetur
734 3351 855 3412 coelum
891 3360 967 3414 ante
1000 3352 1184 3433 passionem

225 3450 352 3529 Christi,
377 3476 453 3517 nam
478 3455 737 3537 antiqui'Patres
760 3457 815 3539 qui
832 3468 925 3521 erant
947 3458 979 3520 in
993 3458 1094 3520 limbo
1117 3469 1184 3521 no'n

225 3560 388 3623 habebant
419 3562 575 3643 originale
593 3566 774 3644 peccatu'm,
799 3564 903 3627 immo
926 3564 1091 3627 habebant
1115 3586 1185 3647 gra·

224 3666 303 3729 tiam
328 3666 400 3743 Dei,
424 3677 457 3729 et
480 3676 590 3731 tamen
613 3670 659 3731 eis
682 3690 748 3732 non
771 3680 841 3733 erat
849 3671 952 3751 janua
967 3672 1041 3733 coeli
1060 3680 1186 3753 aperta.
