2600 4200
234 633 269 644 ψ’
371 733 374 742 ⁴
424 615 741 765 Dis'tinetio
780 618 943 754 xm.

353 839 500 935 Solet
543 865 721 936 autam
767 862 1024 975 φωνὴ...
1076 964 1080 969 ἦ

293 1037 384 1095 Cc'rca
410 1037 493 1095 Dc'st.
521 1055 566 1111 13.
580 1057 687 1114 quaro
710 1043 773 1096 lres
801 1037 1002 1110 Qccastioncs.
1028 1037 1162 1101 Primo:

207 1143 321 1201 Utrum
333 1144 397 1202 sola
410 1145 528 1202 aclc'onc
541 1143 648 1209 dcac'na
656 1150 761 1220 posset
770 1145 882 1223 confici
896 1144 1016 1222 capus
1031 1146 1162 1206 Christi.

200 1247 379 1309 Secundo:
412 1249 526 1307 Utrum
551 1249 681 1326 quilibet
703 1251 853 1309 Sacerdos
876 1249 1044 1327 proferens
1066 1252 1163 1312 verba

198 1356 435 1414 consecrationis
458 1375 527 1414 cum
553 1357 721 1414 intentione
743 1356 842 1415 debita
877 1359 960 1416 circa
994 1360 1161 1416 matercam

198 1463 424 1520 convenientem
444 1468 549 1538 posset
576 1462 725 1541 conficere
749 1463 994 1523 Eucharc'sticcm.
1020 1464 1162 1525 Tertio:

206 1569 321 1626 (lirum
347 1570 378 1626 c'n
403 1571 490 1627 amm'
512 1570 574 1627 laco
596 1571 638 1626 sil
660 1571 781 1628 licitum
804 1571 938 1629 Jlr'ssam
962 1571 1124 1631 celebrare.

560 1815 742 1895 Quffls'uo
767 1816 793 1877 Ι.

314 1959 370 2016 Aa
385 1961 525 2034 primam
555 1960 764 2032 Qcccestc'oncm
788 1961 831 2017 sic
849 1960 1047 2036 proceditur:

291 2099 437 2161 Videtur
460 2102 552 2181 quod
576 2102 710 2163 actione
734 2100 852 2162 divina
867 2122 935 2162 non
952 2112 1065 2181 potest
1081 2100 1165 2163 Cor·

199 2228 265 2287 pus
289 2206 415 2269 Christi
450 2206 581 2277 confici,
610 2210 691 2287 quia
725 2210 836 2269 omnis
870 2211 959 2269 actio
994 2210 1028 2270 in
1063 2221 1163 2271 motu

198 2314 362 2381 firmatur.
388 2334 448 2394 pcr
472 2314 660 2375 Auctorem
677 2335 736 2373 sex
753 2310 1005 2393 principiorum
1029 2315 1089 2375 sed
1112 2315 1164 2376 di·

201 2422 282 2483 viua
306 2422 394 2481 actio
419 2420 573 2482 firmatur
596 2422 631 2482 in
656 2431 771 2490 motu;
797 2441 892 2503 erga,
917 2431 979 2484 ete.

293 2528 416 2588 (antra.
443 2549 469 2589 l.
499 2530 615 2602 Quart.
641 2548 668 2588 J.
693 2549 717 2588 c.
744 2529 834 2593 Intra
857 2530 1048 2595 catholicam,
1079 2528 1163 2590 dici-

199 2644 274 2695 tur:
301 2633 398 2695 Sicut
422 2634 580 2695 Christus
604 2644 656 2695 est
681 2636 738 2713 qui
764 2635 924 2714 baptizat,
949 2637 998 2695 ita
1009 2638 1083 2715 ipse
1106 2646 1161 2695 est

199 2741 256 2819 qui
282 2760 343 2819 per
367 2741 533 2821 Spiritum
559 2741 723 2801 Sanctum
748 2741 835 2801 hanc
859 2738 962 2801 efficit
978 2761 1074 2802 suam
1090 2760 1162 2802 car·

200 2866 277 2908 nem
302 2858 335 2907 ct
359 2846 568 2908 transfundit
592 2850 626 2907 in
651 2850 865 2928 sanguinem.

291 2954 332 3013 lu
358 2968 441 3014 ls’rA
466 2967 692 3029 Quffls'uomz
716 2956 781 3015 tria
804 2966 884 3014 sunt
908 2955 1064 3015 videnda.
1087 2954 1162 3012 Pri·

200 3082 257 3127 mo,
287 3070 400 3121 utrum
415 3062 547 3122 actione
559 3060 678 3121 divina
689 3060 753 3120 hoc
766 3059 1025 3122 Sacramentum
1041 3072 1161 3141 posset

199 3165 330 3255 coufici.
356 3167 504 3234 Secunda,
534 3169 561 3227 si
588 3169 720 3226 actione
738 3167 878 3227 alterius
895 3169 1031 3248 agentis
1043 3170 1159 3237 creati,

199 3284 237 3334 ut
263 3274 463 3353 principalis
487 3276 633 3355 agentis,
659 3284 776 3353 posset
799 3274 863 3333 hoe
899 3274 1159 3335 Sacramentum

199 3378 330 3441 confici.
375 3382 485 3447 Temo,
525 3400 568 3441 an
603 3382 637 3439 in
674 3382 806 3440 actione
841 3380 985 3459 alicujus
1022 3382 1161 3460 agentis

199 3488 302 3547 creati
327 3497 445 3566 posset
468 3486 726 3547 Sacramentum
754 3485 873 3547 confici
910 3496 947 3547 ut
982 3488 1164 3547 istrumen-

200 3593 314 3654 taliter
338 3596 483 3674 agentis¹
