2600 4200
345 239 533 307 Drsrrucr.
557 244 637 306 VIII
663 243 809 324 Qulnsr.
834 244 864 306 11
1046 258 1084 324 75

901 363 1101 372 --a———ss

134 458 168 509 et
183 447 363 529 supposito
375 446 442 509 filio
454 447 595 510 habente
612 459 762 511 naturam
777 470 833 530 per
857 449 1110 532 generationem,

138 555 324 616 necessario
348 555 479 636 exurgit
503 554 625 627 filiatio,
650 555 740 617 nullo
763 555 922 620 existente
943 577 1040 636 opere
1064 556 1111 618 in-

138 662 301 734 tellectus,
326 671 362 722 nt
385 662 478 742 ponit
502 661 675 724 Avicenna
694 680 729 741 j.
753 661 920 744 Metuplc.,·
952 683 1031 744 ergo
1052 663 1111 725 ista

141 767 255 829 filiatio
279 777 329 828 est
353 768 464 829 relatio
489 769 589 830 realis.

210 870 279 940 Ad
297 876 530 960 argumenta
557 884 669 936 autem
705 875 917 956 praecedentis
952 875 1112 956 opinionis

145 982 366 1062 respondetur
388 981 442 1042 sic.
467 981 525 1042 Ad
538 981 689 1062 primum
715 991 804 1062 patet
827 1002 870 1043 ex
905 981 998 1044 dictis
1021 983 1112 1063 quod

142 1089 254 1170 major
277 1107 343 1150 non
367 1088 449 1149 bene
471 1088 640 1168 accipitur,
657 1109 733 1150 cum
757 1087 875 1150 dicitur
898 1089 988 1170 quod
1001 1087 1112 1151 filiatio

142 1207 195 1256 est
218 1194 388 1274 suppositi,
401 1193 478 1274 quia
501 1193 614 1255 filiatio
637 1203 686 1255 est
710 1193 870 1256 habitudo
894 1195 1045 1274 producti
1059 1215 1112 1256 na·

143 1301 294 1363 turaliter
315 1301 428 1362 similis
462 1295 654 1382 producenti
690 1300 721 1362 in
758 1310 872 1362 natura
907 1301 1113 1364 intellectuali

143 1409 197 1470 vel
222 1406 385 1470 sensitiva.

215 1514 275 1575 Ad
281 1514 457 1575 secundum
473 1514 590 1576 dicitur
602 1513 790 1595 dupliciter:
808 1513 1112 1595 primosecundum

143 1622 275 1702 aliquos
296 1620 352 1701 qui
376 1639 443 1682 non
467 1620 590 1683 habent
613 1641 675 1701 pro
699 1620 945 1682 inconveniente
969 1621 1113 1701 positum

143 1747 350 1808 consequens
372 1727 449 1808 quia
472 1726 504 1788 in
527 1725 675 1808 quolibet
698 1725 764 1788 lilio
787 1735 835 1788 est
860 1747 924 1789 una
949 1725 1059 1788 filiatio
1071 1727 1114 1788 ad

143 1843 276 1918 patrem
299 1843 332 1895 et
354 1833 416 1895 alia
427 1833 470 1895 ad
494 1841 645 1906 matrem,
660 1833 750 1915 quod
764 1833 922 1914 probatur
945 1833 990 1896 sic
1004 1853 1010 1894 :
1025 1833 1113 1894 Mor-

144 1953 206 2004 tua
230 1949 335 2002 matre
357 1939 495 2021 alicujus
517 1949 550 2002 et
574 1949 764 2002 remanente
780 1949 872 2021 patre
896 1939 1115 2020 corrumpitur

145 2047 262 2111 filiatio
284 2067 361 2128 quae
382 2055 431 2110 est
454 2048 497 2109 ad
521 2056 661 2109 matrem
684 2054 716 2109 et
741 2066 807 2109 non
831 2045 1049 2127 corrumpitur
1063 2046 1115 2109 illa

145 2176 226 2237 qnae
249 2164 299 2216 est
320 2154 364 2215 ad
379 2163 524 2235 patrem;
548 2175 629 2236 ergo
645 2154 718 2216 haec
741 2164 774 2215 et
798 2154 851 2215 illa
868 2174 933 2215 non
958 2164 1115 2216 suntuna

146 2261 272 2325 filiatio,
295 2296 341 2307 -
374 2260 482 2322 Aliter
504 2260 629 2323 dicitur
658 2260 748 2341 quod
773 2281 838 2322 non
875 2269 923 2322 est
947 2260 1051 2321 simile
1075 2261 1115 2321 de

147 2368 282 2433 Christo
305 2375 338 2429 et
360 2368 401 2429 de
424 2367 494 2429 aliis
516 2366 587 2429 filiis
610 2368 688 2449 quia
712 2366 744 2429 in
769 2366 899 2430 Christo
928 2375 1004 2427 sunt
1039 2366 1114 2427 dure

147 2485 276 2538 naturae
300 2481 333 2535 et
356 2474 431 2535 duae
456 2475 683 2556 generationes
706 2472 843 2555 passivae
868 2473 899 2535 in
924 2472 992 2535 aliis
1005 2482 1115 2534 autem

147 2603 216 2645 non
241 2581 298 2655 sic,
321 2600 422 2662 quare
445 2602 511 2643 non
526 2580 622 2646 valet.

216 2688 277 2749 Ad
297 2688 428 2749 tertium
452 2687 568 2749 dicitur
592 2686 772 2767 dupliciter.
808 2686 923 2748 Primo
947 2686 1036 2767 quod
1060 2708 1117 2747 an·

147 2796 293 2859 {credens
316 2804 364 2855 est
387 2792 514 2867 salsum,
538 2793 616 2875 quia
638 2794 721 2855 sicut
735 2793 909 2874 probatum
922 2802 970 2854 est
987 2793 1018 2854 in
1033 2814 1116 2873 prae-

146 2902 279 2965 cedenti
303 2900 492 2981 quaestione,
517 2900 584 2961 duo
601 2898 781 2961 accidentia
805 2900 937 2962 relatiua
969 2899 1116 2979 ejusdem

145 3008 267 3091 speciei
292 3017 428 3088 possunt
451 3016 537 3068 stare
571 3006 668 3067 simul
693 3006 725 3067 in
748 3006 876 3070 eodem.
902 3042 946 3053 —
972 3006 1117 3067 Saeuum

147 3116 270 3179 dicitur
294 3114 383 3195 quod
406 3112 630 3194 consequentia
655 3133 721 3175 non
745 3114 830 3175 valet
854 3113 930 3193 quia
955 3113 1016 3173 illae
1039 3112 1118 3173 filia-

147 3225 256 3286 tiones
279 3240 355 3303 quae
379 3229 548 3301 ponuntur
570 3219 603 3281 in
628 3218 759 3282 Christo
781 3239 846 3281 non
871 3229 946 3281 sunt
970 3219 1117 3298 ejusdem

145 3328 267 3412 speciei
304 3348 363 3389 nec
387 3327 533 3407 ejusdem
570 3327 706 3409 generis,
729 3326 831 3387 immo
868 3326 1020 3388 differunt
1044 3326 1117 3405 plus

146 3456 253 3520 quarn
267 3454 395 3517 genere,
409 3454 485 3496 cum
498 3434 598 3495 altera
622 3433 760 3508 illarum,
774 3432 893 3495 scilicet
917 3440 1039 3493 aeterna
1053 3431 1119 3492 siue

149 3543 274 3615 divina,
299 3542 341 3603 sit
362 3540 605 3604 transcendens.
