2600 4200
229 219 290 296 246
454 215 529 280 Lra.
555 215 608 279 IV
632 214 939 281 Ssumumuu

204 407 238 459 et
273 398 466 459 innocentia
492 407 526 460 et
560 400 764 477 poenitentia
794 398 1045 477 quodammodo
1068 418 1168 479 repu-

204 514 322 585 gnant,
340 505 401 565 sed
424 503 624 583 simpliciter
646 505 767 565 cadere
790 506 833 565 ab
846 506 1039 566 innocentia
1050 507 1166 587 magis

203 620 382 694 aggravat.
409 648 450 655 -—
474 612 530 671 Ad
548 611 640 670 aliud
660 611 751 690 quod
767 611 904 671 dicitur:
930 612 1070 672 tradidit
1085 630 1165 673 eum

204 718 388 779 tortoribus
400 717 507 778 donec
524 719 722 779 universum
735 718 890 779 redderet
906 717 1069 787 debitum,
1087 718 1165 779 dico

203 826 296 906 quod
319 827 385 886 ista
408 825 615 885 universitas
638 824 844 905 intelligitur
867 835 1032 903 quantum
1050 825 1094 885 ad
1106 825 1166 886 du·

203 934 379 1000 rationem,
404 930 465 992 sed
488 950 555 991 non
580 940 744 1009 quantum
773 931 815 991 ad
849 932 1086 993 intensionem.
1118 930 1165 993 Et

204 1040 252 1100 ita
275 1037 454 1098 dicendum
479 1047 570 1098 esset
594 1037 636 1097 ad
653 1056 772 1098 omnes
788 1040 1007 1099 auctoritates
1024 1036 1166 1099 Sancto-

204 1164 277 1205 rum
302 1142 462 1205 fundatas
486 1146 520 1205 in
545 1145 612 1205 ista
635 1144 847 1205 auctoritate.

293 1357 355 1417 Ao
384 1370 658 1418 ARGUMENTUM
698 1370 926 1419 pomcranos
961 1358 1037 1419 dico
1071 1359 1166 1438 quod

204 1462 314 1525 lactus
337 1474 390 1525 est
414 1466 565 1525 omnium
589 1484 668 1524 reus
692 1474 857 1543 quantum
882 1464 925 1526 ad
948 1464 1164 1525 aversionem

204 1590 224 1631 a
246 1570 313 1631 fine
338 1570 467 1638 ultimo,
493 1590 571 1649 quae
596 1580 648 1631 est
672 1572 862 1631 communis
896 1572 989 1632 omni
1021 1580 1163 1651 peccato

204 1678 348 1747 mortali,
374 1678 434 1737 sed
458 1697 525 1738 non
549 1687 602 1738 est
625 1674 736 1737 factus
760 1679 911 1739 omnium
947 1696 1026 1738 reus
1060 1696 1167 1757 quan-

204 1794 276 1845 tum
301 1785 344 1845 ad
378 1785 567 1865 gravitates
601 1784 767 1863 speciales
801 1783 1016 1865 singulorum
1048 1802 1167 1864 pecca·

204 1901 325 1953 torum.

560 2120 742 2202 Quffisuo
766 2121 809 2183 ΙΙ.

304 2268 360 2326 Ad
378 2267 542 2326 secundam
570 2266 778 2340 Quoestt'onem
802 2268 846 2325 sic
865 2267 1061 2346 proceditur:

295 2427 440 2488 Videtur
463 2427 556 2506 quod
579 2425 745 2488 Extrema
769 2425 897 2488 Unctio
913 2445 981 2488 non
998 2429 1044 2488 sit
1056 2445 1166 2489 sacra·

204 2544 355 2596 mentum
380 2553 481 2595 novae
504 2533 603 2614 legis,
628 2535 709 2614 quia
732 2543 944 2596 sacramenta
960 2553 1061 2595 novae
1073 2533 1164 2616 legis

204 2643 362 2702 instituta
385 2650 465 2702 sunt
487 2659 508 2702 a
530 2640 677 2710 Christ0,
703 2650 740 2702 ut
764 2641 876 2702 visum
889 2651 942 2702 est
957 2660 1062 2720 supra
1078 2641 1162 2702 Dist.

204 2769 254 2817 2.,·
277 2749 338 2808 sed
361 2758 609 2809 sacramentum
642 2747 826 2809 Unctionis
861 2748 997 2809 videtur
1031 2750 1166 2810 institu-

204 2866 277 2919 tum
301 2854 408 2916 fuisse
431 2855 601 2934 aJacob0‚
627 2855 814 2916 secundum
839 2854 923 2916 illud
938 2855 1009 2933 sac.
1031 2875 1083 2932 5..·
1111 2854 1165 2917 In·

203 2962 357 3024 firmatur
372 2963 450 3043 quis
470 2965 505 3023 in
530 2963 638 3032 vobis,
664 2963 802 3024 inducat
813 2963 1045 3043 praesbyteros
1061 2961 1165 3024 eecle-

204 3072 276 3139 siae,
301 3079 335 3130 et
358 3080 455 3131 orent
486 3089 588 3149 super
622 3088 710 3140 eum,
746 3079 780 3131 et
813 3078 946 3151 ungant
979 3088 1056 3131 cum
1087 3069 1164 3130 oleo

204 3187 331 3238 sancto.

293 3285 332 3343 ln
355 3287 548 3344 carnarium
571 3293 624 3345 est
648 3283 817 3365 Magister
840 3287 873 3343 in
898 3285 998 3345 litera.
1149 3357 1153 3366 Ι

293 3391 336 3451 Iu
360 3405 445 3452 ism
470 3391 703 3470 Quassrmuu
738 3391 803 3451 tria
836 3401 917 3452 sunt
940 3391 1089 3453 videnda
1120 3393 1164 3454 ad

203 3497 342 3559 modum
367 3501 468 3559 trium
493 3497 769 3559 Conclusionum.
796 3497 919 3565 Prima,
947 3498 1040 3577 quod
1056 3502 1165 3580 possi·

203 3603 271 3666 bile
295 3614 347 3665 est
371 3624 446 3665 esse
481 3605 618 3684 aliquod
654 3615 902 3668 sacramentum
938 3623 1038 3667 novae
1073 3605 1164 3689 legis
