2600 4200
388 225 578 292 Drsrrxcr.
604 227 620 292 1
645 229 797 310 Qrffisr.
822 229 874 293 IV
1069 251 1104 310 ¹7

330 338 348 346 ι,
363 339 366 344 .
379 338 422 345 m...

159 429 271 508 igitur
288 438 444 508 tempore
460 427 549 509 legis
565 427 660 490 dedit
675 427 814 508 aliquod
830 428 1017 490 remedium
1032 427 1129 493 Deus

159 543 284 595 contra
307 534 478 616 originale
502 553 561 598 seu
592 543 713 598 contra
745 536 881 616 culpam
913 534 1126 618 originalem.

161 641 235 702 Sed
259 661 329 704 non
354 640 503 724 legimus
527 641 666 723 aliquod
694 624 880 706 remedium
911 653 1036 724 praeter
1066 643 1127 706 cir·

161 749 420 818 cumcisionem
446 758 484 810 ut
506 758 601 830 patet
617 751 651 811 in
669 748 768 832 lege;
793 751 901 833 igitur
915 750 1128 812 circumcisio

162 855 256 918 tollit
279 855 415 936 culpam
441 857 654 937 originalem.

256 962 398 1022 Secunda
427 963 587 1024 Conclusio
610 974 663 1026 est
686 965 778 1046 quod
806 963 1028 1027 Circumcisio
1059 984 1126 1026 non

162 1071 313 1151 pertinet
338 1069 380 1130 ad
404 1080 539 1152 tempus
563 1072 653 1154 legis
677 1074 816 1142 naturae‘,
841 1073 922 1154 quia
944 1072 1003 1136 lex
1031 1081 1126 1134 natu·

162 1196 212 1238 rae
234 1179 425 1238 communis
441 1187 493 1240 est
509 1179 678 1247 omnibus,
696 1180 909 1241 circumcisio
926 1189 1038 1240 autem
1056 1197 1124 1241 non

162 1293 218 1346 est
241 1285 433 1347 communis
456 1286 635 1358 omnibus;
661 1287 782 1368 igitur,·
803 1286 989 1349 secundum
1008 1285 1127 1368 Hugo-

164 1409 244 1454 nem
268 1391 339 1452 Lib.
364 1393 400 1452 de
424 1392 565 1454 Sacram.
585 1399 671 1471 part.
691 1415 719 1469 9.
744 1394 958 1456 circumcisio
985 1403 1037 1456 est
1067 1393 1127 1456 Sa·

163 1507 376 1560 eramentum
401 1499 491 1581 legis
515 1500 651 1580 scriptae
674 1501 860 1563 succedens
893 1499 1124 1563 Sacramentis

162 1605 256 1687 legis
279 1615 418 1676 naturae.
457 1606 536 1668 licet
570 1603 673 1668 fuerit
707 1607 866 1670 inchoata
901 1617 979 1668 ante
1010 1606 1122 1689 legem

161 1714 338 1793 scriptam,
362 1715 444 1793 quia
466 1723 619 1793 tempore
651 1714 804 1776 Abrahae
843 1723 881 1778 ut
913 1711 1059 1777 habetur
1089 1717 1123 1776 iu

168 1819 293 1880 Geumi,
320 1819 392 1882 Nec
415 1829 468 1882 est
492 1822 747 1892 inconveniens,
773 1821 865 1902 quod
893 1822 1022 1902 aliquid
1052 1842 1125 1903 par·

161 1925 353 1988 ticulariter
376 1929 550 2007 pertinens
573 1927 616 1989 ad
632 1928 756 2011 legem,
773 1931 818 1990 sit
834 1929 1029 1992 inchoatum
1046 1939 1124 1993 ante

162 2033 254 2117 legis
278 2032 576 2115 pubblicationem.

205 2204 208 2210 ,
254 2138 368 2221 Quare
408 2152 520 2204 autem
560 2143 780 2206 Circumcisio
820 2145 969 2206 succedit
1008 2145 1124 2208 Sacra-

161 2250 289 2310 mentis
313 2248 402 2331 legis
427 2260 565 2318 naturae,
595 2251 678 2341 dicit
702 2251 946 2313 Bonaventura
977 2252 1060 2313 Disl.
1092 2272 1120 2314 1.

159 2358 279 2433 quarti,
308 2356 400 2437 quod
424 2366 476 2419 est
499 2342 641 2419 rationes
655 2359 838 2439 gravitatis
869 2368 903 2419 et
928 2359 1119 2427 evidentiae,

160 2464 295 2524 ratione
319 2463 533 2526 certitudinis
556 2474 591 2525 et
606 2466 709 2525 etiam
727 2462 893 2533 efficaciae,
912 2467 993 2546 quia
1009 2468 1121 2548 magis

160 2571 399 2631 remittebatur
422 2568 531 2633 fontes
556 2573 589 2632 in
614 2571 1120 2651 illisquicircumcidebantur.

160 2695 265 2757 quam
291 2679 325 2738 in
349 2676 403 2739 his
427 2680 484 2758 qui
511 2689 663 2759 tempore
687 2679 776 2760 legis
801 2691 939 2749 namne,
968 2679 1051 2742 solis
1073 2700 1122 2742 sa·

160 2782 300 2846 orificiis
324 2795 358 2845 et
381 2782 447 2847 fide
471 2785 732 2847 mundabantur.

261 2890 363 2951 Tertia
392 2892 552 2952 Conclusio
575 2902 627 2953 est
650 2894 742 2972 quod
766 2892 986 2955 Circumcisio
1010 2897 1122 2974 magis

159 3008 214 3059 est
238 2994 437 3059 confirmata
460 2999 524 3060 sub
546 2999 650 3078 Josue
667 3019 768 3079 quam
785 3000 849 3061 sub
866 2998 998 3083 Moyse.
1017 2999 1122 3081 Cujus

158 3104 249 3165 ratio
273 3104 416 3167 literalis
440 3114 501 3175 est,
526 3108 607 3186 quia
630 3116 782 3186 tempore
800 3106 934 3188 Moysis
947 3127 1014 3169 non
1026 3108 1122 3169 dimi-

159 3220 280 3273 serunt
303 3212 605 3282 circumcisionem,
624 3213 683 3274 sed
696 3215 759 3275 sub
773 3214 877 3293 Josue
894 3217 1121 3295 neglexerunt

158 3320 453 3380 circumcisionem
479 3321 513 3381 in
537 3320 682 3388 deserto,
708 3321 783 3381 ideo
807 3324 958 3401 oportuit
989 3321 1061 3383 dari
1086 3324 1120 3385 in

158 3426 370 3487 mandatum.
396 3425 478 3487 Alia
502 3428 588 3488 ratio
612 3437 664 3489 est
682 3427 868 3507 spiritualis
885 3430 966 3507 quia
982 3429 1121 3490 circum·

157 3535 242 3596 cisio
266 3531 359 3595 iacta
383 3542 533 3613 tempore
554 3534 659 3614 Josue
682 3533 747 3595 luit
770 3545 848 3615 post
878 3536 1121 3616 peregrinatio·

157 3660 233 3704 nem
261 3642 295 3703 in
323 3648 446 3701 terram
471 3642 717 3721 promissionis,
735 3642 796 3702 sed
816 3642 887 3704 haec
907 3643 1120 3703 circumcisio
