2600 4200
206 229 266 290 108
447 226 522 291 Lm.
547 227 593 290 111
617 227 912 291 Ssursunmun

667 345 827 352 -1——--——-

253 431 349 499 Una
373 437 441 498 eut
467 430 645 498 Thomoe
683 453 759 515 quae
798 432 875 496 dicit
913 431 1002 514 quod
1035 431 1149 494 anima

55 525 58 528 ⁴
175 537 298 603 Christi
322 560 388 602 non
412 548 519 621 potest
542 540 650 602 videre
670 539 780 602 omnia
792 561 867 621 quae
884 540 972 602 videt
984 539 1147 613 Verbum,

174 647 268 728 quod
292 647 474 708 declaratur
497 646 555 712 sic:
583 646 718 729 Quanto
742 641 850 728 eliqua
863 667 960 709 causa
973 644 1149 728 perfectius

175 751 317 826 videtur,
340 762 434 815 tanto
447 753 555 836 piures
574 753 708 817 effectus
729 754 880 816 videntur
902 754 934 816 in
958 773 1004 815 ea.
1027 753 1150 815 Exem-

171 859 269 940 plum
288 859 385 940 hujus
408 869 457 922 est
472 860 561 942 quod
578 869 704 942 quanto
728 861 843 942 aliquis
867 859 1037 942 perfectius
1056 858 1150 921 videt

177 965 310 1048 aliquod
334 966 539 1048 principium,
565 976 658 1030 tanto
682 967 791 1050 plures
815 967 1036 1030 connexiones
1055 965 1148 1027 videt

173 1091 220 1134 ex
244 1073 412 1158 principi03
426 1074 500 1136 ideo
520 1073 637 1136 videns
650 1095 765 1137 omnes
778 1074 998 1136 connexiones
1009 1071 1149 1152 alicujus

178 1179 325 1262 principii
350 1180 600 1261 comprehendit
629 1181 710 1242 illud
750 1181 955 1263 principium.
993 1180 1049 1241 Ex
1085 1175 1149 1240 lzoc

173 1286 336 1369 arguitur
356 1287 418 1348 sic:
444 1287 477 1350 Si
503 1287 683 1350 intellectus
711 1287 831 1350 animae
873 1286 990 1350 Christi
1021 1284 1150 1347 videret

174 1393 288 1454 omnia
323 1414 399 1474 quae
434 1393 524 1456 videt
558 1393 708 1456 Verbum
747 1404 826 1456 tunc
854 1391 1149 1475 comprehenderet

177 1497 338 1574 Verbum,
358 1501 441 1562 sicut
463 1501 576 1563 videns
611 1521 726 1562 omnes
749 1500 970 1562 connexiones
997 1499 1149 1582 principii

174 1606 426 1687 comprehendit
439 1607 632 1689 principium
640 1628 648 1684 ;
673 1606 729 1668 sed
742 1607 850 1668 nullus
862 1607 1040 1669 intellectus
1056 1625 1147 1668 crea-

174 1719 231 1774 'tus
250 1722 357 1794 potest
370 1713 647 1796 comprehendere
659 1712 824 1789 Verbum;
838 1733 917 1794 ergo
930 1713 1036 1774 nullus
1055 1713 1150 1775 intel-

177 1816 280 1880 lectus
303 1829 429 1882 creatus
453 1829 560 1902 potest
583 1820 692 1882 videre
715 1820 826 1882 omnia
849 1839 925 1901 quae
949 1819 1036 1882 videt
1059 1811 1155 1881 Ver-¹

179 1923 270 1986 burn.

246 2031 390 2095 Ulterius
413 2033 619 2117 distinguunt
642 2033 694 2096 isti
717 2033 749 2096 in
774 2035 847 2096 Deo
864 2033 1028 2117 duplicem
1041 2031 1148 2096 scien-

176 2137 268 2202 tiam.
294 2140 371 2202 Una
383 2141 498 2203 dicitur
510 2141 643 2205 scientia
655 2141 809 2223 simplicis
822 2142 955 2215 notitiae,
968 2151 1002 2203 et
1013 2141 1149 2223 respicit

175 2253 248 2307 tam
271 2266 310 2308 ea
334 2268 409 2328 quae
432 2254 510 2311 sunt
532 2269 633 2331 quam
658 2269 696 2311 ea
719 2268 794 2329 quae
818 2268 886 2310 esse
910 2256 1063 2329 possunt3
1080 2248 1147 2311 alia

174 2350 294 2414 dicitur
317 2354 450 2417 scientia
473 2354 604 2417 visionis
625 2363 660 2417 et
692 2354 751 2417 ista
782 2356 911 2437 respicit
942 2363 1070 2417 tantum
1104 2374 1148 2417 ea

173 2476 253 2539 quae
278 2469 362 2524 sunt.
389 2460 422 2523 Si
447 2482 527 2544 ergo
550 2460 606 2523 fiat
630 2462 771 2544 quaestio
794 2463 835 2524 de
858 2462 990 2525 scientia
1001 2460 1146 2535 visionis,

174 2564 223 2627 sic
246 2566 356 2628 anima
381 2566 500 2630 Christi
524 2567 613 2631 videt
636 2568 747 2631 omnia
771 2590 845 2651 quae
869 2569 959 2635 videt
982 2566 1145 2641 Verbum,

175 2671 255 2751 quia
279 2672 331 2733 illa
354 2682 431 2736 sunt
454 2658 611 2748 finitn,'et
635 2674 725 2737 finita
739 2684 875 2756 possunt
898 2675 1005 2738 sciria
1023 2674 1147 2737 virtute

178 2774 287 2854 finita;
312 2778 419 2859 igitur.
447 2780 481 2844 Si
493 2791 604 2843 autem
629 2780 687 2844 fiat
709 2781 848 2863 quaestio
872 2782 914 2844 de
937 2780 1050 2845 notitia
1070 2780 1147 2842 sim-

178 2882 271 2965 plicis
294 2887 521 2960 notitiae,tunc
544 2888 658 2950 dicunt
681 2889 773 2971 quod
795 2888 904 2951 anima
934 2888 1052 2951 Christi
1076 2908 1144 2951 non

175 2988 267 3052 videt
290 2993 401 3054 omnia
424 3014 500 3074 quae
523 2994 612 3057 videt
635 2994 784 3057 Verbum
819 2994 895 3076 quia
931 2996 983 3057 illa
1011 2994 1146 3058 scientia

177 3098 308 3179 respicit
331 3099 495 3179 possibilia
519 3120 593 3182 quae
617 3110 695 3164 sunt
718 3100 852 3164 infinita.
878 3101 1007 3165 Infinita
1031 3110 1143 3165 autem

176 3221 244 3265 non
268 3215 405 3285 possunt
428 3207 526 3268 videri
550 3208 704 3272 avirtute
728 3207 827 3271 finita.
853 3209 898 3271 Et
921 3209 1029 3283 etiam,
1059 3208 1145 3271 sicut

175 3329 276 3391 supra
307 3312 514 3393 arguebatur,
551 3315 660 3377 anima
696 3314 815 3379 Christi
850 3314 1144 3397 comprehenderet

177 3414 337 3491 Verbum,
362 3439 437 3499 quae
461 3421 572 3483 omnia
595 3430 672 3484 sunt
695 3420 784 3485 falsa.

247 3520 386 3590 Contra
410 3522 525 3592 istam
548 3526 767 3611 opinionem
792 3528 942 3609 objicitur
965 3528 1034 3592 sic:
1062 3527 1143 3591 dato

174 3629 267 3709 quod
291 3629 332 3691 A.
357 3632 522 3693 contineat
544 3632 585 3696 B.
609 3642 643 3695 et
671 3632 704 3698 C.
730 3636 887 3711 ordinate,
919 3636 963 3697 ita
986 3634 1076 3719 quod
1100 3633 1142 3697 B.
