2600 4200
336 257 524 319 Drstrucr.
543 257 695 320 XXXII
720 255 872 337 Quasr.
890 256 943 320 ΙΙΙ
1039 279 1101 336 303

164 446 237 498 tum
262 435 438 506 Ecclesiae,
463 437 540 497 ideo
564 435 720 498 Ecclesia
742 445 858 516 potest
892 435 1020 497 tollere.
1054 433 1125 498 Sed

163 545 316 625 bigamia
339 544 469 604 inducit
493 543 779 624 irregularitatem
804 561 871 604 non
896 551 1036 622 propter
1058 551 1124 603 sta·

163 658 275 711 tutum
300 649 476 720 Ecclesiae,
500 649 561 710 sed
584 658 723 729 propter
750 647 922 710 deiectum
955 647 1126 730 significa·

164 757 279 826 tionis,
304 756 380 818 ideo
405 754 560 817 Ecclesia
583 775 650 817 non
675 766 791 836 potest
813 755 902 817 hanc
932 754 1125 836 irregulari·

164 871 269 923 tatem
293 861 422 924 tollere.

254 965 324 1031 Sed
346 968 490 1030 diceres:
515 969 687 1048 quomodo
711 977 763 1030 est
788 967 833 1028 ibi
851 965 1004 1028 delectus
1020 967 1125 1048 signi·

163 1073 341 1137 ficationis.
368 1075 498 1136 Dicitur
520 1074 612 1154 quod
635 1075 794 1135 sacerdos
817 1082 1126 1154 repraesentatper·

164 1201 283 1242 sonam
300 1179 437 1250 Christi,
456 1181 531 1242 ideo
548 1199 615 1241 non
633 1180 734 1242 debet
745 1179 870 1242 habere
886 1179 1016 1260 aliquid
1031 1179 1125 1259 quod

163 1297 334 1370 repugnet
357 1307 512 1369 personae
537 1285 680 1359 Christi;
705 1286 765 1348 sed
789 1285 946 1349 Christus
970 1295 1023 1347 est
1054 1287 1127 1347 uni·

164 1414 225 1456 cus
250 1414 397 1476 sponsus
433 1396 534 1456 unius
559 1391 736 1462 Ecclesiae‚
769 1404 804 1455 et
837 1391 993 1455 Ecclesia
1024 1394 1125 1454 unica

165 1520 292 1582 sponsa
314 1499 456 1572 Christi;
482 1520 566 1582 ergo
589 1502 648 1580 qui
673 1500 777 1560 habet
799 1501 996 1580 oppositum
1023 1499 1125 1579 hujus

163 1626 232 1668 non
257 1616 346 1668 recte
362 1616 585 1688 repraesentat
601 1604 785 1669 Christum.
803 1603 874 1668 Sed
888 1605 1048 1687 bigamus
1065 1606 1124 1685 qui

164 1713 284 1775 habuit
307 1713 402 1782 duas,
427 1713 482 1774 vel
506 1732 574 1774 una
596 1731 675 1792 quae
699 1711 819 1773 habuit
842 1711 929 1773 duos
952 1709 1126 1774 habetali·

164 1820 248 1900 quid
271 1819 362 1899 quod
386 1827 556 1900 repugnat
580 1819 636 1880 isti
668 1818 898 1897 conjunctioni
931 1817 1057 1880 Christi
1090 1826 1125 1879 et

164 1924 344 1999 Ecclesiae;
370 1927 486 2008 igitur.
512 1962 553 1970 —
582 1925 707 1986 Contra.
727 1923 764 1987 Si
781 1926 1015 2006 irregularitas
1030 1925 1126 2006 biga·

164 2035 243 2094 miae
267 2043 359 2096 esset
381 2053 426 2094 ex
451 2033 566 2113 aliquo
589 2033 695 2113 priori
720 2051 822 2113 quarn
847 2051 892 2092 ex
916 2041 1044 2093 statuto
1061 2030 1124 2092 Ec-

164 2141 289 2209 clesiae,
314 2140 469 2201 Ecclesia
492 2159 559 2201 non
583 2149 702 2219 posset
725 2140 771 2200 ibi
795 2139 1003 2219 dispensare,
1027 2138 1125 2218 cujus

163 2248 370 2308 contrarium
394 2246 538 2307 habetur
562 2247 646 2306 Disl.
669 2265 722 2323 34.
734 2267 803 2306 can.
817 2246 937 2313 Lector,
955 2246 1012 2306 ubi
1030 2244 1126 2325 Papa

165 2352 336 2414 Martinus
359 2354 535 2433 dispensat
558 2361 592 2414 et
615 2353 771 2414 concedit
794 2352 970 2414 Lectorem
995 2352 1052 2431 qui
1066 2352 1126 2413 du·

165 2460 218 2521 xit
241 2460 379 2520 viduam
403 2478 505 2539 posse
529 2460 563 2520 in
588 2459 833 2520 subdiaconum
857 2460 1063 2539 promoveri.

255 2564 499 2645 Respondetur
521 2565 614 2646 quod
630 2567 666 2626 in
678 2566 853 2646 primitiva
868 2564 1024 2625 Ecclesia
1040 2562 1126 2626 Sub·

164 2672 364 2733 diaconatus
388 2691 455 2733 non
479 2682 552 2733 erat
574 2691 670 2733 sacer
693 2670 797 2740 Ordo,
815 2680 849 2732 et
861 2671 937 2732 ideo
954 2670 1126 2733 Martinus

164 2779 333 2840 concessit
357 2779 448 2858 quod
470 2780 631 2859 bigamus
655 2789 772 2858 posset
795 2778 943 2839 ordinari
980 2778 1014 2837 in
1049 2777 1127 2839 sub·

164 2884 344 2946 diaconum
380 2895 414 2945 et
450 2904 518 2947 non
554 2885 642 2946 ultra
676 2885 868 2945 ascendere.
905 2920 946 2927 —
983 2881 1124 2945 Contra:

165 2992 249 3052 Disl.
271 3009 304 3067 5.
328 3011 352 3051 c.
378 2991 504 3069 Siquis
526 2991 664 3059 vzliuam,
700 2989 844 3051 habetur
874 2989 966 3070 quod
997 2989 1125 3051 Lucius

165 3098 260 3178 Papa
301 3098 514 3177 dispensavit
548 3116 624 3158 curn
661 3097 903 3158 Panormitano
945 3094 1125 3175 Archiepi·

164 3222 279 3284 scop0,
305 3205 362 3283 qui
387 3201 452 3265 fuit
475 3204 644 3284 bigamus.

253 3313 314 3371 Est
336 3314 438 3389 igitur
461 3312 552 3370 tertia
576 3312 680 3387 opinio
703 3328 782 3389 quae
806 3310 889 3371 dicit
912 3308 1005 3389 quod
1020 3327 1124 3369 causa

165 3417 427 3499 irregularitatis
454 3436 522 3478 non
557 3427 610 3478 est
643 3417 710 3477 nisi
745 3426 910 3478 statutum
946 3413 1122 3475 Ecclesiae.

165 3521 296 3584 Eodem
319 3524 421 3585 modo
444 3524 528 3585 dicit
550 3522 642 3603 quod
665 3542 770 3583 causa
792 3541 896 3601 quare
930 3520 1124 3602 irregulari·

164 3630 245 3691 tatis
269 3649 372 3709 poena
396 3630 438 3691 de
461 3628 644 3690 homicidio
669 3629 861 3689 remittatur
883 3629 917 3688 in
941 3628 1123 3707 baptismo
