2600 4200
350 225 540 288 Disciscr.
565 225 620 288 IX
646 206 798 306 Quasi.
824 225 877 286 ΙΙΙ
1036 246 1094 304 117

158 413 192 464 et
215 422 283 464 non
307 405 453 483 poenitet
477 421 538 468 nec
562 405 733 485 poenituit.
778 404 889 471 Tertio,
928 405 1010 484 quia
1039 403 1120 464 licet

157 511 199 572 de
222 519 363 589 peccato
396 511 572 590 poeniteat,
608 511 758 572 nondum
793 520 906 571 tamen
941 508 1123 572 confessus

158 635 219 678 nec
244 617 422 678 absolutus
446 618 480 678 in
506 616 662 680 Ecclesia
685 628 747 679 est.

246 721 347 784 Nunc
370 724 446 784 dico
469 724 631 802 deprimo
655 724 746 805 quod
769 734 888 804 peccat
919 724 1120 794 mortaliter,

157 833 238 910 quia
261 831 462 910 simpliciter
484 831 668 892 manducat
691 831 841 912 indigne.

245 935 297 996 De
320 938 460 1006 secundo,
489 937 566 998 dico
589 936 681 1017 quod
705 938 734 998 si
758 947 811 998 est
834 936 1049 1018 negligentia
1071 935 1122 1012 as·

145 1047 268 1120 sectata
293 1043 348 1104 vel
371 1063 496 1113 crassa,
520 1053 660 1124 propter
683 1063 785 1124 quam
810 1062 877 1104 non
900 1042 1021 1105 recolit
1044 1063 1122 1124 pec·

156 1160 280 1219 catum,
306 1169 373 1238 non
398 1160 583 1214 excusatur
606 1169 626 1209 a
648 1158 799 1230 peccato,
818 1149 903 1214 ‚licet
919 1151 1033 1225 minus
1044 1168 1122 1229 pec·

157 1267 211 1318 cet
235 1275 336 1337 quam
360 1257 506 1338 primus;
532 1265 667 1317 tenetur
696 1258 786 1317 enim
811 1258 962 1336 seipsum
993 1259 1122 1317 exami-

158 1382 248 1433 nare,
269 1363 370 1443 juxta
402 1362 486 1425 illud
521 1363 685 1443 Apostoli
720 1381 747 1424 r.
788 1364 857 1423 Cor.
893 1383 958 1423 11..·
997 1365 1120 1444 probet

158 1479 271 1532 autern
295 1471 446 1552 seipsum
471 1469 582 1532 homo.
609 1468 647 1532 Si
683 1479 795 1531 autern
833 1489 900 1531 non
936 1470 981 1531 sit
1013 1470 1123 1551 negli-

158 1579 276 1658 gentia
306 1596 431 1648 crassa,
467 1586 551 1658 puta
584 1578 666 1657 quia
699 1579 876 1656 praecessit
909 1579 1120 1639 examinatio

158 1681 339 1753 sufficiens,
363 1683 443 1744 talis
468 1703 534 1744 non
559 1692 678 1764 peccat
708 1683 999 1745 communicando.
1032 1682 1121 1745 Esto

157 1790 248 1852 enim
272 1789 365 1871 quod
388 1789 518 1870 aliquid
550 1789 595 1851 sit
629 1789 791 1851 traditum
826 1790 1003 1860 oblivioni,
1039 1791 1121 1870 quia

158 1915 226 1956 non
250 1897 434 1976 requiritur
457 1897 565 1977 major
588 1897 799 1958 examinatio
812 1897 855 1957 ad
870 1898 1122 1958 communican-

157 2001 238 2066 dum
262 2019 364 2082 quam
389 2002 432 2062 ad
456 2021 573 2064 secure
598 2002 822 2074 moriendum,
848 2004 907 2064 sed
923 2013 1003 2084 post
1014 2004 1119 2066 talem

157 2110 446 2171 examinationem
458 2112 626 2173 contritus
642 2120 677 2171 et
688 2108 866 2172 confessus
878 2112 906 2171 si
920 2121 1120 2181 moreretur,

157 2216 356 2279 salvaretur.

245 2322 297 2383 De
320 2326 418 2389 tertio,
447 2324 523 2385 dico
547 2324 638 2404 quod
671 2325 699 2385 si
735 2334 925 2385 occurreret
960 2334 1121 2405 opportu-

158 2432 248 2492 nitas
270 2440 406 2493 tenetur
428 2432 524 2511 prius
547 2428 701 2491 confiteri
726 2448 828 2510 quam
856 2433 1118 2493 communicare.

157 2536 263 2617 Cujus
287 2538 373 2599 ratio
398 2546 450 2599 est
474 2539 555 2619 quia
579 2556 646 2598 non
671 2546 804 2598 tantum
839 2537 939 2598 debet
973 2539 1121 2599 reconci-

158 2643 233 2705 liari
257 2643 334 2705 Deo
358 2645 417 2706 sed
441 2642 619 2715 Ecclesiae,
644 2644 687 2704 ad
711 2643 775 2705 hoc
799 2653 837 2705 ut
860 2644 965 2725 digne
977 2646 1120 2725 recipiat

158 2748 415 2812 Sacramentum
441 2752 583 2813 unitatis
618 2749 794 2811 Ecclesiae.
831 2750 869 2813 Si
905 2761 1017 2812 autem
1050 2770 1119 2813 non

157 2858 303 2918 occurrit
327 2860 566 2938 opportunitas
601 2855 796 2928 confitendi,
832 2859 860 2918 si
895 2866 1010 2938 potest
1044 2858 1119 2919 sine

158 2964 319 3025 scandalo
342 2965 452 3025 vitare
477 2983 523 3035 ne¹
535 2972 616 3025 tunc
632 2966 869 3033 communicet,
887 2974 1021 3028 tenetur
1037 2976 1120 3027 tunc

158 3088 225 3130 non
264 3072 524 3140 communicare,
564 3070 625 3131 sed
664 3068 893 3132 confessorem
936 3080 1120 3151 expectare

157 3186 296 3256 propter
319 3176 459 3238 eandem
485 3179 650 3238 rationem
676 3196 754 3257 quae
778 3178 870 3238 dicta
892 3189 944 3239 est
961 3197 1060 3239 nunc.
1079 3177 1119 3240 Si

158 3292 270 3344 autern
296 3285 442 3345 occurrit
466 3283 665 3345 scandalum
690 3284 755 3345 nisi
784 3286 899 3345 statim
934 3287 1121 3346 communi·

157 3399 219 3459 cet,
244 3398 363 3469 utpote
387 3391 467 3470 quia
491 3399 543 3451 est
567 3390 708 3451 indutus
732 3390 775 3450 ad
798 3390 1047 3460 celebrandum,
1084 3400 1120 3451 et

156 3514 224 3556 non
248 3496 352 3557 habet
375 3496 584 3559 sacerdotem
610 3498 780 3567 idoneum,
805 3507 887 3558 tunc
903 3516 979 3558 cum
996 3500 1121 3558 contri·

155 3604 249 3663 tione
273 3601 321 3683 [et
344 3602 534 3683 voluntate]
560 3602 743 3666 confitendi
768 3614 882 3683 potest
905 3604 1085 3664 celebrare.
