2600 4200
299 191 489 255 D1s'r1uc‘r.
515 191 636 254 XLIV
662 190 813 272 QuAEsn.
836 191 888 252 ΙΙΙ
999 196 1057 271 361
1163 245 1164 250 ,

100 372 297 450 ceptivum
321 389 423 450 quarn
457 389 561 432 causa
594 371 708 432 activa
741 371 929 452 utriusque.
965 369 1085 432 Potest

39 529 45 536 .
101 478 224 537 etiarn
250 486 330 538 tunc
354 496 422 538 una
444 496 521 540 esse
533 478 607 538 sine
619 477 695 546 alia,
709 476 881 556 loquendo
893 477 935 537 de
952 477 1084 556 objecto

103 583 312 663 potentiali,
336 585 418 664 quia
441 594 563 646 neutra
585 583 756 663 dependet
779 582 1008 645 essentialiter
1039 585 1083 644 ab

106 689 237 750 altera.
262 689 365 752 Unde
388 699 423 754 et
444 690 547 752 modo
571 699 652 750 sunt
675 690 893 770 separabiles,
907 691 935 750 si
953 689 1084 769 aliquid

107 797 165 857 sit
189 798 424 876 susceptivum
448 794 569 857 formae
592 796 729 858 realiter
759 806 793 856 et
824 815 891 856 non
928 797 1085 857 intentio·

110 902 253 964 naliter.
279 901 348 966 Sed
371 913 452 966 tunc
476 923 544 965 non
567 903 693 984 poterit
716 922 785 963 una
801 921 868 963 non
885 903 998 964 inesse
1016 904 1081 964 nisi

110 1018 260 1089 propter
283 1009 423 1089 aliquod
446 1009 739 1090 impedimentum,
764 1019 798 1070 et
822 1009 886 1070 hoc
910 1008 965 1070 vel
1000 1011 1083 1088 quia

110 1114 217 1179 Deus
241 1135 309 1178 non
332 1117 450 1197 coagit
472 1117 545 1198 igni
563 1116 606 1176 ad
622 1115 723 1176 istam
736 1116 915 1184 actionem,
928 1115 985 1176 vel
1000 1116 1083 1194 quia

113 1221 214 1283 aliud
236 1241 345 1304 agens
368 1232 518 1285 creatum
542 1222 686 1302 impedit
709 1240 811 1282 unam
847 1223 1015 1284 actionem
1047 1231 1082 1284 et

112 1347 188 1393 non
211 1329 323 1390 aliam.

208 1524 272 1586 De
293 1524 472 1586 sectatulo
496 1523 572 1585 dico
596 1524 689 1604 quod
700 1524 774 1585 sola
791 1525 1002 1583 intentionalis
1014 1523 1082 1584 sui·

105 1614 190 1690 'ficit
213 1631 256 1690 ad
271 1625 481 1692 causandum
497 1630 660 1719 dolorem,
678 1631 751 1692 sola
767 1640 880 1691 autem
898 1633 994 1690 realis
1006 1631 1081 1692 sine

117 1715 333 1798 intentionali
358 1757 425 1798 non
450 1735 618 1798 sufficeret
641 1738 685 1798 ad
718 1737 793 1798 hoc.
829 1739 971 1797 Secunda
998 1744 1081 1815 pars

115 1852 172 1903 est
194 1841 384 1913 manifesta,
410 1845 492 1924 quia
514 1845 648 1926 lignum
676 1853 979 1924 quantumcunque
995 1845 1082 1904 cale-

116 1947 165 2019 fit,
191 1959 303 2015 tamen
328 1970 396 2010 non
420 1951 523 2011 dolet.
548 1949 617 2012 Sed
644 1954 755 2028 prima
790 1969 870 2030 pars
904 1951 1078 2030 probatur,

118 2057 199 2137 quia
221 2056 394 2119 excellens
418 2057 580 2119 sensibile
603 2068 721 2120 natum
745 2067 798 2119 est
829 2055 953 2120 inferre
987 2057 1080 2119 dolo·

118 2182 199 2233 rem,
223 2173 257 2224 et
280 2173 395 2225 tamen
419 2167 621 2245 inquantum
644 2164 818 2226 excellens
831 2165 993 2227 sensibile
1010 2184 1077 2227 non

119 2270 275 2331 immutat
300 2271 365 2331 nisi
398 2272 674 2333 intentionaliter.
708 2270 803 2332 Licet
838 2273 927 2332 enim
963 2272 1079 2352 aliqua

120 2376 309 2437 immutatio
332 2377 434 2438 realis
458 2380 704 2438 concomitetur
728 2397 806 2457 quae
841 2378 1001 2439 dissolvit
1028 2397 1079 2439 or-

119 2500 245 2563 ganum
270 2502 291 2542 a
312 2483 425 2544 media
447 2486 668 2563 proportione
691 2486 727 2544 in
750 2504 819 2564 qua
846 2486 1012 2553 consistit,
1030 2493 1078 2545 ta-

120 2607 195 2651 men
219 2590 248 2650 si
272 2591 346 2650 sine
370 2590 429 2650 illa
451 2592 584 2651 actione
615 2599 706 2651 esset
741 2592 910 2670 objectum
946 2591 1079 2651 discon-

121 2697 258 2765 veniens
282 2705 467 2766 sensatum,
493 2708 692 2777 sequeretur
722 2697 828 2759 dolor.
865 2697 942 2759 Hoc
973 2699 1076 2758 etiam

120 2803 279 2882 probatur
301 2805 383 2883 quia
406 2802 588 2883 aliquando
612 2804 670 2865 ubi
695 2813 747 2865 est
763 2804 897 2867 modica
910 2804 965 2865 vel
982 2804 1077 2865 nulla

122 2910 308 2970 immutatio
331 2910 442 2980 realis,
467 2921 520 2971 est
543 2929 691 2991 magnus
716 2910 813 2971 dolor
846 2920 987 2991 propter
1017 2912 1077 2973 im·

121 3018 338 3077 mutationem
362 3018 631 3086 intentionalem,
672 3018 761 3078 sicut
795 3018 824 3078 si
848 3036 972 3078 manus
1006 3015 1077 3078 lue-

121 3121 162 3190 rit
182 3123 360 3183 excessive
383 3120 572 3204 frigefacto,
604 3125 633 3184 si
666 3125 782 3185 statim
816 3124 1077 3203 approximetur
1114 3142 1118 3151 ’

122 3228 199 3307 igni,
223 3238 277 3289 est
299 3229 345 3289 ibi
370 3230 555 3291 vehemens
579 3229 686 3297 dolor,
722 3240 757 3292 et
791 3238 905 3291 tamen
940 3231 1076 3291 modica

122 3334 172 3394 vel
194 3334 288 3395 nulla
311 3337 400 3397 actio
423 3335 533 3397 realis.

205 3512 340 3575 Tertio
364 3514 440 3578 dico
455 3514 548 3593 quod
559 3514 771 3593 probabilius
783 3514 920 3573 videtur
936 3522 1015 3592 post
1024 3494 1076 3593 j'u-

123 3617 240 3678 dicium
252 3638 378 3697 ponere
390 3620 498 3681 solam
516 3621 786 3681 immutationem
804 3618 1073 3687 intentionalem,
