2600 4200
240 208 301 266 166
465 205 539 266 Liss.
566 203 617 266 IV
642 185 949 267 §isumuriffluu

257 433 359 498 Alia
382 435 526 514 opinio
550 445 602 497 est
627 438 661 495 in
685 433 754 494 alio
785 446 950 503 extreme,
975 434 1068 514 quod
1102 435 1175 495 nul·

212 542 282 604 lum
308 541 465 602 accidens
489 552 602 622 potest
626 561 702 603 esse
726 542 916 622 subjectum
933 541 1074 602 alterius
1091 544 1175 602 acci·

208 649 334 716 dentis,
352 657 386 708 et
410 668 470 728 per
486 667 700 729 consequens
717 649 751 709 in
768 648 986 709 Eucharistia
1002 649 1174 729 quodcun-

208 775 279 834 que
304 755 461 816 accidens
485 757 634 816 estsine
658 756 821 835 subject0.

302 861 367 920 Pro
391 865 450 921 ista
474 863 630 942 arguitur
654 863 742 922 sieut
773 862 981 942 arguebatur
1016 861 1050 922 in
1085 861 1177 939 prin-

209 969 302 1048 cipio
327 965 549 1048 Quaestionis‚
575 967 744 1038 videlicet,
762 967 990 1048 quodcunque
1014 967 1175 1028 accidens

209 1075 363 1135 estsine
388 1075 589 1144 substantia,
614 1070 699 1154 er'go
724 1075 797 1134 sine
821 1074 984 1154 subjecto,

305 1181 445 1241 Secundo
468 1183 526 1250 sie,
544 1182 626 1261 quia
649 1179 780 1241 nullum
806 1180 963 1241 accidens
979 1191 1031 1241 est
1047 1180 1178 1259 subjec-

213 1297 286 1349 tum
311 1287 510 1358 accidentis;
535 1307 620 1368 ergo
644 1289 679 1348 in
703 1287 921 1348 Eucharistia
947 1287 1178 1366 quodcunque¹

211 1395 372 1454 accidens
395 1403 447 1454 est
471 1393 516 1454 ibi
541 1396 616 1454 sine
641 1394 801 1474 subjectu.
829 1394 983 1460 Probalzb,
1001 1412 1062 1473 per
1086 1393 1177 1473 Phy-

213 1501 395 1580 losophum
412 1520 442 1577 4.
466 1501 603 1578 metaph.
618 1525 629 1559 .·
655 1501 821 1567 accidens,
847 1501 968 1579 inquit,
993 1519 1061 1561 non
1092 1501 1178 1560 acci-

213 1609 265 1669 dit
289 1597 465 1675 aecidenti‚
492 1609 556 1668 nisi
581 1610 663 1687 quia
679 1607 779 1667 ambo
796 1607 954 1668 accidunt
971 1607 1081 1668 eidem
1098 1608 1177 1667 sub·

209 1715 311 1796 jecto,
338 1750 378 1756 -
408 1709 623 1794 Confirmata
657 1715 759 1774 etiam
794 1715 935 1782 ratione,
971 1715 1053 1792 quia
1087 1714 1176 1773 sicut

213 1821 408 1883 substantie
419 1823 580 1882 convenit
596 1841 658 1900 per
673 1841 710 1880 se
726 1817 811 1887 essess
821 1817 878 1881 ¹ita
893 1820 1058 1881 accidenti
1072 1820 1178 1880 inhae-

214 1947 308 1998 rere;
334 1947 419 2008 ergo
444 1930 531 1988 sicut
555 1908 963 2008 repugnatsubstantiae
997 1927 1176 1992 inhaerere,

215 2037 263 2095 ita
287 2034 451 2094 accidenti
477 2036 537 2115 pe'r
562 2051 598 2094 se
622 2053 706 2094 esse.
873 2032 876 2044 “
970 2037 973 2040 ’
1026 2037 1029 2043 ’

314 2144 423 2209 Tertio,
452 2142 590 2221 aliquod
615 2143 773 2202 accidens
789 2151 840 2201 est
857 2141 902 2201 ibi
920 2142 994 2201 'sine
1012 2141 1175 2220 subjeet0;

178 2237 180 2242 ’
213 2254 299 2329 ergo
312 2250 488 2329 quodlibet
501 2249 658 2309 accidens
675 2258 789 2328 potest
806 2248 852 2307 ibi
868 2267 944 2308 esse
961 2249 1036 2307 sine
1048 2247 1178 2327 subjec-

215 2365 261 2416 to.
278 2342 476 2415 Antecedeus'
490 2356 663 2435 probatur.
677 2354 758 2433 quia
770 2355 926 2415 accidens
950 2354 1042 2433 quod
1065 2355 1178 2434 primo

217 2473 332 2523 natum
359 2474 411 2522 est
435 2464 637 2523 substantiae
663 2452 775 2545 ines'se
811 2480 877 2520 non
901 2460 1005 2521 habet
1029 2460 1074 2520 ibi
1101 2460 1179 2520 sub-

211 2570 350 2649 jectum.
381 2570 604 2645 (busequenlia
628 2568 802 2647 probatur.
827 2569 908 2646 quia
940 2579 1022 2628 tunc
1046 2567 1179 2646 quodli-

215 2677 273 2736 bet
298 2665 465 2736 accidens¹
479 2694 576 2753 aeque
611 2676 780 2754 dependet
807 2674 1035 2734 essentialiter
1058 2693 1078 2733 a
1101 2674 1180 2734 sub-

211 2783 312 2862 jecto,
699 2774 704 2801 ³
996 2784 1000 2792 ⁴
1110 2785 1112 2790 '

311 2890 423 2948 Conlra
460 2892 550 2947 islam
586 2891 759 2965 opinionem
796 2888 952 2967 arguitur
986 2888 1049 2947 sic:
1086 2885 1178 2947 Illud

215 3014 277 3074 per
302 3016 338 3055 se
362 3004 414 3055 est
438 2994 627 3074 subjectum
664 2994 849 3054 accidentis
873 2993 1017 3073 alicujus
1041 2994 1083 3053 de
1106 3012 1179 3072 quo

216 3091 307 3162 idem
332 3102 489 3161 accidens
513 3102 720 3181 praedicatur
744 3120 803 3179 per
827 3118 863 3159 se
888 3100 1037 3161 secundo
1053 3099 1177 3169 modo:

216 3208 278 3269 sed
302 3209 343 3267 de
367 3200 483 3287 aliquo
507 3200 680 3269 accidente
704 3206 1072 3285 praedicatur·''aliquod
1094 3207 1181 3266 acci-

215 3316 302 3375 dens
327 3335 386 3395 per
414 3336 449 3375 se.
485 3316 634 3375 secundo
669 3315 781 3380 modo,
818 3324 855 3374 ut
889 3314 1028 3394 propria
1062 3313 1180 3392 passio

217 3423 300 3501 ejuS.
329 3423 488 3482 Probatio
512 3424 666 3498 majoris:
692 3421 777 3481 iliud
801 3421 842 3481 de
869 3440 937 3501 quo
972 3419 1181 3499 praedicatur

169 3612 171 3615 Ι
217 3529 375 3589 accidens
410 3529 558 3589 secundo
595 3528 696 3588 modo
732 3546 793 3608 per
817 3546 863 3592 se,
888 3527 979 3587 cadit
1004 3528 1037 3587 in
1062 3522 1179 3613 defini-

217 3636 345 3694 tionem
370 3635 564 3703 accidenti8‚
583 3646 619 3695 ut
637 3636 789 3694 additum
807 3646 869 3701 est,
887 3644 920 3694 et
937 3634 1072 3694 nonnisi
1087 3631 1181 3693 addi-
