2600 4200
371 187 559 249 Dls'nuc‘r.
574 187 659 256 ,xil
685 186 836 267 Quasi.
863 188 878 248 1
1046 209 1104 263 1⁵5

143 385 221 428 men
247 366 448 426 naturaliter
472 367 532 426 sed
555 366 870 446 supernaturaliter,
895 368 977 445 quia
1011 366 1107 427 Deus

143 472 310 533 accidenti
335 473 393 533 dat
418 492 545 533 novum
570 493 655 533 esse.

184 657 187 663 Ι
237 579 353 639 Contra
376 582 467 642 istam
490 581 666 657 opinionem
687 580 849 660 arguitur
873 581 942 640 sic:
968 579 1004 640 Si
1023 582 1108 640 acci·

143 687 229 747 dens
253 687 389 766 quando
413 695 592 765 separatur
616 686 719 747 habet
743 705 871 746 novum
898 706 984 757 esse.
1010 706 1106 766 opor-

143 802 193 853 tet
217 793 262 854 ibi
287 813 419 873 ponere
438 793 925 873 aliquamtransmutationern
950 815 970 854 a
993 813 1107 854 caren·
1143 811 1147 816 ’

143 901 192 967 tia
215 901 442 979 praecedentis
465 919 541 960 esse
566 900 608 959 ad
632 899 719 961 illud
750 919 877 960 novum
912 919 1008 971 esse;
1045 902 1105 962 sed

143 1006 208 1066 hoc
233 1017 286 1066 est
309 1005 531 1086 impossibile,
550 1008 659 1082 primo
682 1007 764 1085 quia
790 1025 858 1066 non
882 1016 996 1085 potest
1023 1009 1104 1086 poni

144 1131 222 1192 quae
259 1115 304 1173 sit
332 1113 398 1184 ¹illa
436 1115 600 1184 mutatio;
637 1131 705 1172 non
741 1114 831 1173 enim
856 1123 909 1174 est
929 1117 1100 1190 (generatio,

142 1221 226 1299 quia
252 1221 410 1282 accidens
445 1238 513 1279 non
548 1229 601 1284 est
636 1219 826 1299 subjectum
861 1221 1104 1300 generationis,

145 1345 207 1387 nec
230 1329 451 1403 augmentatio,
474 1329 555 1406 quia
571 1346 638 1389 non
658 1327 844 1405 aequiritur
855 1327 1029 1406 quantitas
1045 1346 1107 1406 per

143 1436 244 1495 istam
269 1435 513 1504 mutationem;
539 1434 658 1493 eodem
683 1433 785 1493 modo
799 1450 863 1496 nec
880 1443 932 1494 est
943 1435 1098 1498 alteratio,

144 1543 226 1620 quia
243 1559 310 1600 non
324 1542 511 1621 acquiritur
526 1540 685 1621 qualitas
705 1576 745 1582 -
760 1539 836 1598 Item
855 1539 939 1600 illud
955 1558 1030 1600 esse
1049 1559 1106 1599 no-

144 1667 228 1708 vum
241 1657 301 1708 aut
321 1656 376 1708 est
399 1648 580 1714 substantia,
599 1646 654 1707 vel
689 1647 838 1713 accidens,
867 1647 1104 1713 velnenlrum.

145 1755 182 1814 Si
209 1765 322 1815 autem
347 1763 399 1814 est
422 1754 603 1821 substantia,
621 1763 713 1822 tuncn
727 1755 792 1813 erit
816 1730 1058 1832 independens,
1072 1762 1106 1813 et

143 1881 206 1941 per
228 1879 446 1939 consequens
467 1880 534 1921 non
558 1861 623 1920 erit
647 1857 836 1920 formaliter
863 1878 937 1920 esse
962 1859 1107 1939 alicujus

144 1968 340 2035 accidentis
365 1969 446 2046 quia
464 1967 594 2028 nullum
616 1967 773 2026 accidens
789 1975 904 2045 potest
919 1964 1106 2027 formaliter

141 2093 220 2135 esse
244 2074 486 2154 independens,
513 2073 550 2134 Si
580 2083 693 2134 autem
714 2075 764 2134 -sit
791 2074 939 2141 accidens,
968 2091 1107 2153 quomo-

143 2166 325 2261 docunque
348 2200 409 2260 per
433 2180 663 2242 reductionem
688 2182 753 2241 erit
776 2200 875 2259 aeque
909 2181 1107 2259 dependens

143 2308 221 2350 cum
246 2286 356 2349 forma
378 2289 475 2368 cujus
499 2298 560 2353 est.
588 2298 622 2348 et
638 2307 700 2366 per
714 2305 928 2366 consequens
944 2306 1005 2366 per
1020 2286 1106 2348 illud

144 2415 211 2455 non
237 2396 363 2475 poterit
378 2414 454 2455 esse
472 2395 714 2473 independens.
733 2394 891 2453 Neutrum
905 2404 1018 2453 autem
1036 2412 1104 2454 non

144 2512 268 2581 potest·
282 2502 365 2571 dari,
391 2502 472 2580 quia
495 2520 596 2563 omne
620 2519 682 2561 ens
705 2510 855 2570 creatum
882 2499 939 2559 vel
962 2511 1014 2585 est
1031 2501 1106 2560 sub·

144 2610 271 2685 stantia
295 2608 350 2669 vel
374 2609 541 2668 accidens.

234 2717 311 2775 Alia
334 2717 438 2793 opinio
462 2715 544 2774 dicit
569 2715 661 2793 quod
695 2713 852 2774 accidens
887 2725 1063 2792 separatur
1087 2734 1107 2772 a

142 2821 298 2901 subjecto
322 2823 402 2901 quia
428 2820 522 2881 Deus
545 2820 602 2881 dat
638 2820 703 2880 sibi
739 2820 908 2899 quandam
944 2820 1105 2879 virtutem

144 2927 448 3008 supernaturalem,
474 2948 535 3007 per
558 2946 660 3007 quam
686 2928 846 2988 virtutem
864 2936 977 3005 potest
993 2946 1106 3005 perse

141 3054 230 3097 esse.
256 3034 324 3095 Sed
349 3036 416 3095 ista
439 3036 555 3114 opinio
580 3035 662 3094 dicit
686 3033 774 3093 idem
800 3033 892 3112 quod
908 3017 1106 3111 praeeedens

144 3143 224 3203 licet
247 3143 312 3202 sub
336 3142 403 3202 alio
428 3140 605 3201 vocabulo.
631 3139 713 3200 Ideo

234 3250 398 3325 Arguitur
420 3258 539 3308 contra
562 3266 635 3308 eam
662 3249 750 3308 sicut
773 3258 892 3307 contra
915 3246 1107 3325 praeceden-

144 3366 224 3422 tem,
249 3356 330 3433 quia
354 3354 414 3416 illa
438 3356 547 3414 virtus
572 3354 760 3414 adveniens
783 3365 835 3413 est
859 3354 1025 3412 terminus
1049 3352 1106 3412 ali-

143 3462 242 3542 cujus
265 3462 474 3522 mutationis.
500 3460 528 3521 T
532 3479 597 3521 unc
621 3480 751 3540 quaer0‚
775 3462 872 3539 cujus
906 3460 1106 3519 mutationis

143 3578 197 3629 est
221 3570 397 3639 terminus
421 3578 458 3628 et
479 3569 521 3629 ad
545 3586 647 3647 quam
673 3568 820 3647 speciem
844 3566 1042 3627 mutationis
1058 3584 1107 3625 re-

1028 3702 1051 3743 ll
