2600 4200
380 230 570 300 Drsrrucr.
595 230 624 299 L
647 231 800 318 Qumsr.
820 230 875 298 ΙΙΙ
1027 252 1089 316 407

154 418 253 486 ciem,
277 425 312 478 et
334 416 492 497 quaedam
515 435 577 497 per
598 415 837 496 privationem.
866 413 1029 498 Cognitio
1060 436 1116 479 au·

155 531 224 584 tem
249 542 327 603 quae
350 521 388 585 fit
411 542 472 604 per
495 523 643 603 speciem
668 522 792 584 similis
815 531 868 584 est
880 521 928 584 illi
945 523 994 584 rei
1011 541 1114 603 quam

157 631 264 692 novit.
289 629 451 712 Cognitio
474 639 588 692 autem
612 648 691 711 quae
715 637 769 692 est
792 648 853 710 per
875 629 1112 710 privationem,

157 756 224 798 non
247 746 301 799 est
323 755 385 817 per
406 735 677 806 similitudinem,
702 736 764 798 sed
786 755 847 817 per
862 736 1116 798 contrariumet

156 863 218 924 por
239 843 563 913 dissimilitudinem,
598 844 680 923 quia
713 843 862 924 privatio
895 844 1116 924 cognoscitur

158 967 218 1028 per
239 951 388 1030 speciem
411 958 446 1010 et
469 947 633 1010 habitum.
670 948 717 1011 Et
749 950 825 1010 haec
859 959 913 1012 est
945 951 1116 1012 sententia

159 1055 358 1118 Aristotelis
382 1073 410 1136 7.
435 1056 574 1134 Metaph.
600 1093 642 1100 —
667 1055 755 1118 Dico
779 1075 863 1138 ergo
887 1056 980 1137 quod
1013 1075 1117 1136 poena

158 1163 328 1242 privative
350 1172 488 1243 sumpta
511 1182 579 1224 non
603 1161 706 1224 habet
729 1162 840 1225 ideam
864 1164 899 1224 in
934 1163 1020 1233 Deo,
1055 1164 1115 1226 sed

158 1270 306 1349 positive
328 1279 466 1350 sumpta
487 1270 591 1331 habet
614 1271 724 1331 ideam
749 1271 784 1331 in
807 1270 892 1332 De0.

247 1375 342 1439 Deus
364 1387 478 1439 autem
501 1376 545 1437 ab
579 1374 772 1457 hujusmodi
807 1378 921 1457 poenis
954 1377 1117 1459 dignetur

159 1501 222 1544 nos
245 1481 388 1545 liberare
411 1492 446 1544 et
468 1485 558 1544 inter
579 1483 708 1545 electos
731 1501 813 1546 suos
836 1493 1043 1564 computare,
1060 1487 1114 1547 cui

156 1598 210 1650 est
233 1587 399 1651 honoret
422 1589 532 1672 gloria
556 1589 590 1650 in
614 1589 742 1654 saecula
758 1590 972 1653 saeculorum.
990 1591 1114 1653 Amen.

424 1837 579 1919 Explicit
601 1838 704 1900 Liber
727 1836 887 1920 Quartus.

555 2370 716 2583 tun

555 2741 717 2783 lmmrur.

153 2836 243 2879 Mum
256 2844 288 2877 ex
300 2834 386 2876 Nostro
398 2829 567 2875 Ρνοῐωωπώίο
581 2831 605 2872 S.
620 2828 707 2871 Mario
719 2828 862 2881 Anpelorum
874 2824 913 2867 die
930 2826 941 2866 1
962 2820 1035 2865 lunii
1047 2822 1118 2865 120⁹.

672 2917 730 2959 FR:
744 2914 912 2959 DIONYSIUS
925 2910 1068 2955 solman

797 2986 853 3029 Min.
871 2985 936 3027 Gna.

155 3154 232 3195 Vrsro
245 3174 272 3185 -
285 3152 355 3194 Nulla
368 3158 422 3195 osta
436 3162 479 3206 por
491 3150 515 3192 lu
529 3155 629 3204 stampis.

213 3242 304 3284 (ionum
318 3243 341 3284 S.
358 3242 390 3283 Μ.
405 3239 431 3282 di
447 3240 546 3282 castello
559 3239 576 3280 2
591 3238 685 3291 Giupno
702 3236 773 3278 1909.

225 3330 252 3372 P.
267 3330 305 3372 Fr.
321 3330 445 3373 salvatore
458 3329 526 3371 (icet.
542 3327 609 3371 conti
623 3326 661 3369 dui
676 3326 745 3368 Prod.

371 3402 427 3444 Rev.
443 3400 526 3443 notes.

798 3503 958 3545 lursmnruu.

749 3594 838 3635 Gortuoe
852 3592 874 3633 2.
891 3588 962 3632 lunii
980 3590 1052 3631 1909.

725 3683 781 3725 Can.
796 3682 830 3724 De
845 3681 930 3723 Amicis
944 3678 994 3722 Vic.
1010 3678 1066 3720 Gon.
