2600 4200
221 195 284 253 280
446 191 520 252 Lm.
546 189 597 252 IV
623 189 931 254 Sentenrtnnun

193 371 270 431 sive
294 369 482 431 violentum
506 378 558 430 est
581 369 678 448 cujus
702 369 905 448 principium
929 379 983 430 est
1005 368 1162 430 totaliter

192 477 239 538 ab
262 485 369 538 extra.
395 475 464 538 Sed
488 476 693 555 principium
717 487 814 537 actus
837 475 974 537 volendi
1008 495 1076 537 non
1108 485 1162 536 to-

196 583 310 646 taliter
332 591 385 644 est
415 582 458 644 ab
492 591 598 651 extra,
634 601 712 643 cum
747 583 792 644 sit
825 584 915 644 actio
947 601 1089 645 manens
1119 584 1171 644 in·

195 699 330 771 agente,
355 709 382 750 1.
407 690 509 750 Ethic.
534 699 568 749 et
591 708 619 764 9.
645 689 804 766 Metaplt.;
819 708 904 770 ergo
915 688 1074 750 voluntas
1086 709 1158 750 non

193 805 310 878 potest
334 795 534 876 simpliciter
555 796 633 878 cogi
658 795 702 856 ad
725 805 838 857 actum
861 795 1009 856 volendi.

286 903 428 964 Secundo
444 905 617 980 propositio
640 911 707 963 est:
725 903 854 964 habens
871 902 1082 964 voluntatem
1099 921 1159 983 po-

196 1019 265 1071 test
287 989 365 1091 cogi
389 1009 432 1070 ad
455 1009 605 1089 aliquam
628 1010 822 1088 passionem
857 1020 896 1071 ut
930 1019 1013 1089 puta
1043 1010 1157 1092 ligari,

194 1117 254 1178 vel
288 1117 332 1177 ad
365 1115 514 1196 aliquam
548 1117 717 1177 actionem
752 1115 1046 1178 instrumentalem
1076 1135 1157 1197 quae

196 1231 311 1284 tamen
334 1243 403 1284 non
426 1233 479 1284 est
502 1223 591 1284 actio
614 1241 687 1292 sua,
711 1231 750 1284 ut
773 1233 865 1303 puta,
882 1224 976 1303 quod
991 1225 1070 1304 quis
1085 1244 1159 1304 per·

193 1331 304 1391 cutiat
326 1349 429 1392 manu
453 1329 594 1390 alterius
625 1329 762 1399 utendo,
796 1330 887 1392 sicut
916 1331 1008 1392 dixit
1040 1341 1158 1393 sancta

197 1435 304 1498 Lucia
327 1436 526 1499 Paschasio:
552 1446 586 1497 et
609 1435 638 1496 si
663 1453 725 1515 per
746 1455 885 1498 manum
908 1455 1019 1498 meam
1058 1439 1159 1499 sacri·
1210 1472 1214 1481 ·

196 1539 312 1604 ficium
336 1541 441 1604 facias
465 1541 559 1604 Deus
583 1542 648 1604 hoc
671 1543 812 1605 deridet.

293 1651 400 1710 Tertia
416 1651 589 1727 propositio
612 1659 666 1710 est
688 1650 781 1730 quod
803 1650 933 1712 habens
944 1650 1158 1712 voluntatem

196 1764 311 1836 potest
334 1757 413 1837 cogi
437 1755 481 1816 ad
503 1756 653 1836 aliquam
677 1757 845 1818 actionem
873 1755 1057 1819 humanam
1088 1775 1157 1818 non

194 1862 408 1942 simpliciter,
433 1861 493 1923 sed
516 1862 704 1924 secundum
728 1863 822 1942 quid.
839 1873 932 1925 metu
949 1863 1160 1925 scilicetma-

189 1967 278 2049 joris
301 1969 382 2031 maii
406 1987 508 2049 quam
532 1970 577 2030 sit
601 1968 659 2030 ille
686 1977 794 2040 actus,
818 1977 857 2030 ut
879 1979 991 2031 metus
1021 1971 1157 2042 mortis;

197 2076 288 2139 unde
312 2076 390 2139 talis
412 2085 525 2139 metus
548 2075 674 2139 dicitur
695 2093 798 2157 posse
820 2076 941 2138 cadere
953 2077 987 2138 in
1003 2085 1160 2139 constan·

196 2192 267 2245 tem
292 2186 403 2246 virum
428 2184 483 2245 vel
508 2185 710 2245 virtuosum.

287 2397 342 2461 nt
366 2402 465 2459 tutw
487 2404 622 2475 oportet
637 2396 754 2458 statim
771 2396 887 2459 videre
902 2396 953 2460 do
966 2397 1159 2473 made,

197 2504 360 2565 videlicet
382 2504 410 2565 si
436 2504 500 2565 iste
523 2521 711 2565 consensus
726 2504 829 2565 modo
843 2503 1159 2584 praedictocoactus

195 2608 345 2672 sufficiat
366 2611 411 2671 ad
433 2619 642 2673 contractum
667 2610 884 2673 matrimonii.
907 2608 956 2672 Et
978 2610 1055 2673 dieo
1066 2611 1160 2692 quod

197 2736 278 2788 non,
302 2725 340 2778 ut
363 2716 507 2778 habetur
529 2736 693 2798 expresse
723 2718 841 2779 Extra.
866 2718 918 2777 De
950 2718 1154 2796 sponsalibto,

192 2829 263 2900 cap.
287 2844 358 2884 cum
381 2824 489 2893 locum,
517 2833 552 2885 et
574 2831 640 2902 cap.
665 2844 727 2903 seq.
757 2824 993 2886 Consultaltoni.
1018 2826 1045 2907 §.
1062 2825 1157 2887 Sane.

198 2928 238 2991 Si
262 2940 375 2992 autem
399 2939 575 3011 quaeratur
596 2949 675 3011 quae
699 2941 752 2994 est
774 2932 862 2993 ratio
874 2950 979 3012 quare
1002 2932 1067 2994 iste
1082 2950 1161 2994 con·

195 3054 321 3097 sensus
345 3037 394 3098 sic
417 3047 555 3099 coactus
579 3057 647 3099 non
665 3036 790 3099 sufficit
804 3038 848 3099 ad
862 3048 1075 3100 contractum
1091 3057 1161 3101 ma·

195 3143 360 3213 trimonii,
384 3142 509 3205 dicitur
531 3144 625 3224 quod
643 3145 733 3205 ‘ratio
757 3145 905 3206 sumitur
926 3164 947 3206 a
968 3164 1074 3207 causa
1095 3143 1161 3207 for-

198 3248 279 3311 mali
304 3250 396 3311 iliius
419 3260 623 3321 contractus,
648 3260 683 3313 et
704 3270 726 3311 a
747 3269 851 3312 causa
872 3248 1040 3313 efficiente
1055 3272 1077 3313 a
1090 3271 1161 3332 qua

194 3365 253 3418 est
276 3356 354 3419 talis
378 3355 530 3419 formalis
564 3367 770 3427 contractus,
805 3367 839 3419 et
872 3377 894 3418 a
926 3377 1031 3420 causa
1063 3356 1160 3421 finali

198 3472 338 3544 propter
375 3482 477 3544 quam
517 3463 668 3527 efficiens
700 3463 795 3526 dedit
832 3466 1021 3527 contractui
1054 3466 1159 3529 talem

194 3566 353 3631 formam.
