2600 4200
325 242 514 306 Drsrrucr.
542 243 657 304 XXX
682 241 890 322 911AEan
1022 247 1083 323 289

234 421 300 482 Sed
318 429 434 482 contra.
460 421 500 482 ln
521 423 613 483 omni
630 432 934 502 quantumcunque
950 421 1107 483 absoluto

146 527 353 609 intelligitur
375 528 449 589 haec
473 528 634 598 conditio,
660 530 688 590 si
725 527 839 608 placet
872 527 958 589 Deo,
994 527 1107 609 Igitur

145 651 222 694 cum
259 635 325 695 ista
357 635 553 696 conditione
587 637 636 695 sic
671 634 846 696 intellecta
883 644 952 696 stat
986 644 1106 696 votum

146 740 351 802 absolutum.
370 742 538 809 Praeterea,
560 743 642 821 quia
658 751 776 802 votum
794 740 886 803 istud
897 739 1001 802 fuerit
1012 741 1107 801 abso-

150 847 259 908 lutum
282 847 372 909 clare
396 848 602 930 intelligitur
625 867 670 909 ex
687 848 747 909 illo
763 848 870 910 verbo
886 846 1046 929 Virginis
1063 847 1105 908 ad

147 953 346 1036 Angelum:
372 953 554 1034 Quomodo
577 954 636 1016 fiet
671 954 762 1017 istud
797 956 957 1036 quoniam
994 956 1105 1016 virum

146 1079 214 1122 non
237 1080 429 1143 cognosco;
455 1063 483 1122 si
508 1063 599 1122 euim
630 1059 753 1123 fuisset
787 1071 906 1123 votum
942 1062 1106 1123 conditio·

147 1178 273 1236 natum,
298 1177 379 1229 tunc
403 1168 498 1229 nulla
521 1177 613 1230 esset
636 1170 794 1248 quaestio,
819 1169 901 1248 quia
923 1187 1001 1230 cum
1037 1187 1105 1228 non

149 1284 240 1336 esset
262 1274 399 1344 sterilis¹
425 1277 453 1336 si
478 1273 600 1336 luisset
616 1276 758 1356 cognita
772 1276 995 1354 concepisset.
1013 1273 1105 1344 Ideo,

236 1381 428 1442 Declaratur
460 1381 592 1442 secundo
626 1382 714 1442 modo
749 1384 819 1443 sic:
855 1381 895 1443 In
929 1390 1105 1444 contractu

145 1489 352 1549 matrimonii
376 1497 428 1549 est
453 1497 573 1549 mutua
595 1489 735 1549 donatio
758 1489 912 1568 corporis
939 1488 983 1548 ad
1006 1507 1106 1568 copu-

147 1594 217 1656 lam
238 1594 409 1657 carnalem
423 1596 559 1656 nonnisi
572 1595 637 1656 sub
653 1595 849 1656 conditione
865 1594 1041 1674 implicita,
1058 1596 1106 1655 vi·

145 1701 268 1762 delicet
291 1702 318 1762 si
343 1710 488 1780 petatur,
513 1701 604 1763 unde
627 1701 868 1763 contrahentes
891 1721 968 1763 cum
984 1720 1106 1781 propo

145 1809 211 1870 sito
234 1809 350 1869 statim
374 1808 523 1869 vovendi
546 1810 750 1877 castitatem,
775 1826 855 1869 vere
889 1807 1104 1880 contrahunt

145 1914 221 1976 ideo
245 1915 302 1976 ubi
327 1924 380 1976 est
403 1915 572 1976 certitudo
595 1915 689 1994 quod
713 1933 888 1995 nunquam
911 1924 1058 1994 ponetur
1070 1915 1105 1975 in

145 2019 267 2084 effectu
291 2021 370 2082 talis
394 2021 554 2092 conditio
580 2021 711 2083 scilicet
735 2021 827 2102 quod
851 2030 970 2082 neuter
992 2021 1106 2102 conju·

79 2156 84 2164 ·
144 2148 227 2210 gum
252 2148 425 2209 nunquam
464 2138 558 2209 petet
592 2130 745 2191 debitum
779 2129 913 2209 copulae
947 2129 1104 2199 carnalis,

145 2236 191 2297 ibi
214 2238 249 2297 in
273 2235 369 2297 nullo
392 2235 594 2315 praejudicet
611 2244 694 2297 voto
717 2237 886 2305 castitatis
909 2244 1106 2297 contractus

144 2342 415 2404 matrimonialis.
441 2338 510 2403 Sed
534 2342 589 2403 hic
613 2339 681 2403 luit
703 2342 782 2404 talis
798 2340 1018 2413 certificatio;
1043 2343 1106 2423 igi·

144 2457 298 2510 turcum
324 2459 405 2509 voto
429 2450 598 2510 castitatis
622 2450 657 2509 in
682 2446 831 2530 Virgine
864 2450 977 2529 potuit
1014 2458 1105 2509 stare

144 2564 179 2616 et
202 2556 297 2618 stetit
320 2565 515 2618 contractus
538 2556 756 2616 matrimonii.
782 2555 929 2616 Probatio
952 2558 1105 2623 minoris,-

144 2681 224 2723 nam
249 2662 415 2723 habemus
439 2662 551 2723 Malth.
576 2682 604 2723 r.
637 2652 729 2742 quod
753 2660 916 2743 Angelus
940 2662 1104 2724 instruxit

142 2768 269 2849 Joseph
308 2769 446 2829 dicens:
487 2768 556 2829 noli
603 2770 724 2830 timere
763 2768 916 2848 accipere
958 2766 1103 2829 Mariam

143 2875 326 2955 conjugem
353 2883 458 2945 tuam,
487 2875 595 2936 multo
624 2872 748 2936 lortius
773 2873 989 2936 concluditur
1012 2874 1105 2954 quod

143 2982 221 3061 ipsa
243 3000 264 3041 a
287 2980 363 3042 Deo
386 2981 442 3042 vel
466 2981 509 3042 ab
532 2982 658 3062 angelo
690 2979 755 3042 luit
789 2981 923 3042 edocta:
960 2980 1030 3042 noli
1065 2982 1105 3042 ti-

143 3106 238 3150 mere
276 3090 428 3168 accipere
461 3088 588 3168 Joseph
613 3090 725 3149 virum
754 3088 885 3169 justum
922 3089 956 3149 in
991 3088 1105 3168 conju·

143 3212 224 3277 gem
248 3204 354 3265 tuum,
380 3196 461 3274 quia
488 3192 639 3275 Spiritus
656 3192 805 3257 Sanctus
821 3195 916 3256 dabit
939 3195 1001 3256 tibi
1025 3214 1103 3256 eum

142 3302 178 3363 in
202 3300 378 3363 custodem
403 3310 437 3361 et
467 3310 589 3363 testem
614 3302 826 3382 virginitatis
860 3309 940 3372 tuae,
965 3302 1023 3381 qui
1058 3310 1105 3363 te·

142 3426 220 3471 cum
245 3410 318 3488 pari
343 3418 425 3469 voto
448 3409 630 3469 contineat.

232 3566 340 3630 TUNC
351 3582 404 3629 AD
420 3580 695 3629 ARGUMENTUM
712 3570 745 3626 in
761 3570 953 3627 corcirarium
966 3567 1103 3647 quando

143 3673 269 3736 dicitur
292 3674 383 3755 quod
408 3674 616 3735 voventibus
640 3693 708 3735 non
732 3673 844 3735 solum
865 3674 1003 3743 nubere,
1027 3681 1102 3743 etc„
