2600 4200
106 433 271 514 gratiam,
313 451 414 512 quam
454 434 639 494 carentiam
676 429 953 513 imperfectionis,
989 432 1077 492 idest

105 541 298 602 carentiam
324 541 503 622 originalis
526 542 666 620 peccati.

210 648 314 707 Tertio
345 649 431 707 neoda
462 647 586 709 dicitur
622 647 715 727 quod
750 649 785 708 in
819 648 1077 707 circumcisione

107 753 352 817 conferebatur
375 757 496 836 gratia,
520 764 633 816 tamen
662 755 807 835 parvula
830 764 987 834 respectu
1003 753 1076 833 ejus
1108 767 1115 788 ¹

107 881 190 944 quae
228 859 402 923 confertur
436 863 470 922 in
507 862 695 942 Baptismo
732 861 817 924 Cum
854 870 967 922 autem
999 861 1088 920 dico-

102 971 251 1048 gratiam
270 976 417 1048 paruam,
446 969 514 1030 duo
538 970 624 1036 dico,
643 969 774 1030 scilicet
791 970 937 1049 gratiam
954 976 988 1028 et
1004 988 1077 1048 par-

108 1096 191 1138 vam
217 1077 375 1158 gratiam.
401 1073 471 1136 Sed
495 1095 535 1136 eo
570 1078 646 1157 ipso
682 1077 773 1156 quod
809 1078 843 1137 in
880 1078 994 1136 anima
1024 1086 1077 1136 est

107 1186 236 1266 gratia,
261 1183 446 1245 remittitur
469 1183 578 1264 culpa,
604 1193 638 1244 et
654 1185 735 1245 licet
749 1183 948 1245 habilitetur
964 1186 1077 1245 anima

108 1291 155 1354 ad
171 1289 427 1371 perficiendum,
445 1293 526 1371 quia
537 1301 650 1352 tamen
667 1310 775 1371 parva
790 1301 851 1358 est,
871 1292 946 1352 ideo
963 1301 1075 1352 tamen

107 1417 234 1480 parum
259 1397 416 1460 habilitat

203 1504 250 1566 Et
272 1525 333 1586 per
356 1505 421 1566 hoc
445 1506 627 1567 solvuntur
650 1515 855 1587 argumenta
870 1507 990 1586 primae
1007 1507 1096 1586 opi·'

108 1614 237 1674 nionis.
253 1612 395 1674 Nolunt
419 1615 509 1674 enim
527 1615 748 1674 auctoritates
765 1613 834 1674 illae
853 1633 979 1694 negare
1002 1632 1077 1694 gra-

108 1722 196 1782 tiam
221 1718 366 1782 conferri
392 1723 426 1782 in
454 1723 721 1798 circumcisione,
754 1720 813 1780 sed
845 1723 926 1801 quia
956 1741 1075 1800 parum

108 1827 282 1897 habilitat,
296 1827 372 1888 ideo
389 1828 513 1889 dicitur
530 1829 642 1908 gratia
659 1847 727 1888 non
743 1830 910 1907 praestari.
929 1866 969 1872 --
993 1827 1076 1888 Alio

107 1933 216 1996 modo
240 1935 345 1996 solvit
369 1933 499 1995 Doctor
534 1945 659 2003 noster,
696 1935 840 1996 dicendo
880 1936 972 2014 quod
1003 1935 1073 1996 illae

109 2043 334 2104 auctoritates
358 2042 545 2123 loquuntur
569 2043 610 2103 de
635 2039 865 2104 Sacramentis
893 2044 1076 2123 improprie

110 2152 273 2230 sumptis,
298 2152 387 2211 sicut
411 2159 508 2211 erant
530 2152 755 2231 purgationes
778 2161 813 2211 et
828 2152 1051 2229 expiationes

203 2258 261 2317 Ad
278 2258 446 2317 secundum
471 2266 595 2326 autem,
620 2257 662 2317 de
687 2259 877 2336 aperitione
885 2258 1000 2337 januae
1021 2278 1077 2338 pa·

108 2365 230 2433 radisi,
255 2365 331 2427 dico
356 2364 447 2444 quod
471 2374 539 2425 non
563 2362 627 2425 fuit
639 2362 797 2425 defectus
808 2366 1076 2426 circumcisionis

107 2470 206 2554 quod
231 2490 299 2533 non
324 2472 457 2551 aperuit
476 2471 626 2551 januam,
651 2472 712 2532 sed
736 2472 816 2551 quia
850 2474 965 2532 evenit
996 2484 1077 2532 tem-

108 2598 197 2661 pore
221 2597 290 2658 quo
313 2578 461 2658 pretium
486 2597 553 2639 non
579 2576 643 2639 fuit
667 2578 837 2650 solutum3
871 2598 948 2639 nam
981 2582 1076 2658 prius

109 2687 265 2749 solutum
289 2686 437 2766 pretium
461 2693 595 2765 poterat
619 2685 720 2745 alicui
745 2688 868 2766 aperiri
889 2686 994 2766 janua
1017 2688 1074 2765 qui

109 2812 182 2855 non
207 2790 330 2854 fuisset
352 2792 545 2872 baptizatus
569 2792 629 2853 sed
653 2792 764 2853 solum
788 2795 1017 2863 circumcisus
1043 2804 1076 2853 et

110 2902 147 2963 in
173 2900 297 2981 gratia,
321 2900 494 2980 baptizato
519 2910 631 2961 autem
656 2897 816 2961 defuncto
840 2911 918 2961 ante
949 2904 1077 2981 passio·

110 3027 192 3070 nem
217 3005 344 3069 Christi
369 3026 438 3069 non
473 3008 640 3087 patuisset
671 3007 784 3087 janua,
821 3018 858 3068 ut
892 3017 985 3089 patet
1016 3029 1076 3089 per

110 3114 323 3197 Magistrum
348 3116 382 3174 in
407 3116 508 3175 litera.

204 3310 267 3371 AD
291 3322 565 3373 ARGUMENTUM
591 3323 819 3392 PRINCHJAIAE
835 3314 868 3370 in
881 3314 1073 3371 corrlrarr'um

109 3419 192 3481 dico
216 3418 308 3497 quod
333 3437 400 3479 non
426 3417 528 3486 vaiet,
554 3419 641 3483 SIcut
666 3428 760 3497 patet
785 3420 818 3478 in
845 3420 967 3489 simili;
998 3439 1073 3479 nam

108 3526 307 3607 baptismus
345 3534 511 3606 quantum
548 3525 589 3585 ati
624 3535 736 3585 actum
772 3529 973 3585 exteriorum
1008 3545 1074 3586 non

108 3636 235 3717 signat
261 3632 321 3694 nisi
347 3632 518 3714 quandam
543 3633 747 3694 deletionem
761 3634 986 3694 immunditiae
1006 3653 1076 3693 cor·
