2600 4200
145 274 334 341 DISTINCT.
360 276 525 341 XXXVII
547 286 580 339 et
604 276 784 339 XXXVIII
808 274 954 358 QUAEST.
979 277 1009 339 II
1034 290 1095 356 245

145 482 273 547 Dicitur
311 492 423 547 autem
467 482 676 547 mendacium
714 482 945 565 perniciosum,
977 483 1112 564 quando

144 610 274 673 semper
299 590 398 654 laedit.

214 698 274 761 Ad
299 696 506 779 propositum
523 717 602 778 ergo
618 696 772 759 dicuntur
788 696 863 758 duae
878 696 1111 759 conclusiones,

146 803 267 867 Primo
291 813 340 867 est
355 804 453 885 ¹quod
477 802 684 866 mendacium
708 802 888 865 officiosum
909 812 942 865 et
961 802 1112 884 jocosum

147 930 214 973 non
238 920 315 973 sunt
346 918 479 993 peccata
514 902 663 972 mortalia
698 910 774 972 viris
808 908 1012 991 imperfectis,
1037 908 1113 991 quia

145 1018 238 1099 quod
262 1038 328 1079 non
345 1024 393 1081 est
416 1026 529 1079 contra
546 1016 741 1079 charitatem
759 1015 821 1079 Dei
837 1016 887 1077 vel
908 1016 1112 1078 dilectionem

145 1123 292 1206 proximi
317 1132 454 1186 nonest
477 1130 650 1205 peccatum
675 1122 837 1208 mortale;
861 1123 918 1185 sed
945 1123 1114 1187 mendacia

144 1230 307 1313 praedicta
331 1250 396 1292 non
420 1224 497 1291 s'unt
518 1237 632 1291 contra
666 1228 858 1291 charitatem
889 1229 939 1291 vel
973 1229 1114 1291 dilectio

147 1356 225 1399 nem
251 1336 313 1399 Dei
336 1344 369 1398 et
392 1335 554 1417 proximi;
577 1356 667 1418 ergo,

218 1442 368 1506 Secunda
391 1442 549 1505 conclusio
572 1452 620 1505 est
643 1443 734 1523 quod
770 1441 977 1505 mendacium
1013 1442 1116 1523 perni-

145 1550 273 1640 ciosum
298 1569 426 1631 semper
453 1558 502 1611 est
535 1557 707 1629 peccatum
744 1549 890 1622 mortale,
914 1548 990 1631 quia
1023 1550 1114 1631 quod

144 1666 197 1719 est
220 1665 334 1718 contra
358 1655 548 1718 charitatem
566 1655 627 1718 Dei
647 1665 681 1718 et
704 1654 847 1736 proximi
870 1664 918 1717 est
942 1663 1113 1736 peccatum

147 1763 307 1838 mortale;
340 1762 396 1824 sed
433 1762 639 1824 mendacium
675 1761 892 1843 perniciosum
923 1771 972 1825 est
1002 1760 1114 1842 hujus·

148 1870 263 1949 modi;
288 1889 378 1951 ergo,

218 1975 287 2039 Sed
307 1984 409 2039 restat
429 1972 483 2036 lic
514 1994 616 2038 rnorem
651 1974 809 2038 dubium:
845 1975 870 2037 si
907 1976 1114 2037 mendacium

142 2081 300 2164 jocosum
316 2092 349 2144 et
372 2081 551 2145 officiosum
576 2082 640 2144 sint
663 2089 797 2164 peccata
821 2082 969 2154 mortalia
992 2081 1024 2144 in
1041 2082 1115 2144 viris

147 2189 309 2274 persectIS,
334 2199 414 2270 puta
427 2189 580 2272 religiosis
603 2199 635 2251 et
659 2189 809 2270 praelatis.
835 2189 881 2252 Et
911 2189 1025 2253 dicunt
1059 2190 1115 2250 ali-

145 2297 206 2378 qui
229 2297 320 2378 quod
343 2296 398 2367 sic,
415 2297 491 2377 quia
514 2295 547 2358 in
571 2296 634 2358 hoc
656 2295 779 2359 faciunt
801 2304 924 2358 statum
948 2317 1044 2358 suum
1068 2293 1126 2357 vi·'

145 2403 268 2467 Iescere
291 2423 332 2465 ne
355 2403 503 2465 credatur
526 2401 580 2476 εἰς,
604 2412 637 2465 et
661 2423 718 2484 per
741 2423 943 2485 consequens
974 2423 1013 2463 ea
1037 2422 1113 2483 quae

144 2491 303 2574 dicuntur
318 2509 361 2572 ab
376 2509 420 2572 eis
435 2520 647 2590 exponuntur
671 2509 830 2572 derisioni.
849 2547 889 2554 —
919 2506 1040 2572 Contra
1056 2507 1114 2570 lroc

144 2617 310 2696 objicitur,
334 2615 411 2697 quia
434 2617 523 2698 quod
547 2616 579 2678 in
615 2637 682 2678 uno
704 2626 753 2678 est
787 2615 922 2689 veniale,
946 2615 978 2677 in
1013 2617 1114 2678 altero

146 2743 219 2787 non
242 2732 290 2786 est
314 2723 450 2786 mortale
484 2723 542 2786 nisi
577 2723 740 2805 obligetur
762 2723 806 2784 ad
839 2723 918 2784 illud
947 2742 991 2784 ex
1014 2731 1114 2797 voto;

143 2829 209 2896 sed
232 2829 290 2892 viri
314 2827 446 2911 perfecti
470 2849 535 2892 non
571 2828 758 2912 obligantur
793 2849 835 2892 ex
859 2838 938 2890 voto
972 2830 1014 2891 ad
1050 2850 1115 2891 non

147 2936 377 3000 mentiendum
399 2935 530 3016 jocose;
554 2955 634 3018 ergo
657 2956 734 2999 cum
758 2936 790 2998 in
821 2935 889 2998 aliis
912 2935 976 2998 hoc
998 2935 1039 2998 sit
1061 2957 1115 2998 ve-

145 3043 245 3115 niale,
269 3041 314 3105 eis
337 3062 403 3104 non
427 3041 485 3105 erit
511 3044 656 3106 mortale.

219 3149 298 3212 Ideo
332 3149 449 3211 dicitur
484 3149 665 3212 secundum
699 3149 789 3221 alios,
813 3147 1043 3230 distinguendo
1075 3149 1116 3211 de

144 3275 290 3340 persona
314 3253 465 3337 perfecta,
482 3255 558 3338 quia
581 3263 629 3317 est
644 3256 800 3337 quaedam
824 3254 966 3336 perfecta
981 3256 1013 3317 in
1030 3264 1115 3317 statu

145 3361 357 3448 perfectionis
375 3361 581 3445 perficiendo
604 3361 687 3423 sicut
718 3360 881 3442 praelatus,
906 3370 938 3422 ct
961 3363 1114 3443 quaedam

144 3470 185 3533 in
209 3477 295 3530 statu
320 3467 523 3550 perfectionis
546 3467 751 3549 acquirendo
774 3467 856 3529 sicut
879 3467 1055 3549 religiosus¹

220 3575 270 3638 De
290 3575 398 3656 prirno
422 3583 528 3656 potest
551 3574 686 3637 concedi
709 3575 799 3655 quod
822 3575 1005 3637 exercendo
1025 3584 1117 3636 actus

142 3685 206 3768 qui
231 3690 427 3764 competunt
449 3681 508 3744 sibi
532 3682 655 3744 ratione
678 3680 750 3742 talis
774 3679 977 3762 perfectionis
1000 3690 1033 3742 et
1055 3689 1117 3742 sta-
