2600 4200
264 241 304 300 34
489 221 564 283 Lm.
591 219 642 282 IV
668 220 975 284 santanrmaum

333 399 446 462 Contra
470 401 559 460 ilbzm
585 400 819 460 Comluswnem
839 401 986 463 instatur
1011 400 1205 481 tripliciter.

239 507 358 575 Primo,
387 507 468 586 quia
491 508 519 568 si
544 516 702 589 respectu
726 508 849 589 gratiae
873 517 926 568 est
949 507 1066 588 aliqua
1100 526 1207 570 causa

238 613 421 683 meritoria,
442 613 512 694 jam
538 623 683 675 nonest
709 591 953 696 gratiasquod
979 615 1070 675 enim
1102 615 1207 676 datur

238 739 283 798 ex
306 722 437 782 meritis
461 739 529 783 non
553 729 606 782 est
630 723 744 802 gratia
767 720 953 782 secundum
988 719 1202 800 Apostolum

237 829 282 888 ad
302 828 393 888 Rom.
419 846 447 902 9.

327 934 476 1002 Secundo,
505 935 534 996 si
559 931 782 997 Sacramenta
805 933 932 996 habent
964 931 1150 996 efficaciam
1182 954 1205 994 a

237 1041 397 1120 passione
421 1038 548 1103 Christi
573 1049 610 1102 ut
635 1061 656 1100 a
670 1058 774 1102 causa
789 1041 972 1111 meritoria,
990 1042 1098 1122 igitur
1114 1041 1206 1124 Bap-

237 1147 360 1208 tismus
383 1157 418 1208 et
434 1145 651 1210 Eucharistia
664 1165 731 1208 non
748 1146 876 1208 habent
891 1143 1076 1208 efficaciam
1094 1147 1199 1209 illam.

238 1251 400 1314 Probatio
423 1255 654 1332 consequentia,
683 1254 765 1334 quia
791 1252 852 1315 illa
879 1251 1103 1316 Sacramenta
1132 1252 1204 1315 tue·

237 1368 316 1420 runt
340 1360 497 1421 instituta
520 1370 599 1421 ante
622 1360 818 1441 passionem
843 1358 985 1431 Christi;
1013 1379 1108 1442 ergo.

275 1483 285 1494 ·
334 1465 436 1526 Tertio
459 1467 523 1528 sic:
549 1467 577 1528 si
595 1463 818 1528 Sacramenta
832 1465 997 1528 haberent
1014 1463 1198 1528 efficaciam

236 1590 257 1632 a
280 1572 439 1654 passione
463 1569 600 1642 Christi,
637 1573 702 1634 hoc
736 1582 789 1634 est
822 1573 973 1634 maxime
1007 1591 1127 1635 verum
1157 1573 1202 1634 de

236 1677 379 1740 vulnere
403 1678 534 1741 laterali
559 1698 664 1760 aquo
680 1679 867 1741 secundum
884 1679 1125 1762 Augustinum
1140 1677 1203 1741 flu·

236 1794 361 1846 xerunt
385 1782 620 1858 Sacramenta;
646 1786 707 1847 sed
731 1785 796 1847 hoc
812 1785 948 1848 videtur
964 1784 1101 1855 falsum,
1118 1788 1202 1867 quia

236 1891 367 1954 scilicet
390 1892 455 1954 hoc
478 1892 605 1955 vulnus
630 1891 695 1954 fuit
729 1889 895 1955 inflictum
930 1902 1010 1974 post
1043 1904 1201 1962 mortem,

235 2016 360 2079 corpus
383 2009 497 2061 autem
521 2009 694 2062 mortuum
718 2019 787 2061 non
811 2008 864 2060 est
885 2018 990 2061 causa
1012 2001 1178 2061 merendi.

324 2107 381 2167 Ad
393 2111 538 2185 primum
562 2107 638 2169 dico
663 2108 756 2188 quod
778 2109 924 2169 intentio
951 2107 1115 2188 Apostoli
1147 2117 1203 2169 est

234 2213 327 2293 quod
361 2216 474 2294 gratia
508 2234 575 2275 non
611 2214 714 2276 habet
747 2233 886 2276 causam
921 2216 1131 2276 meritoriam
1161 2216 1202 2273 de

233 2321 384 2398 condigno
408 2321 443 2381 in
468 2320 527 2382 illo
551 2322 605 2383 cui
629 2319 813 2390 confertur,
849 2329 963 2402 potest
997 2329 1112 2382 tamen
1143 2321 1202 2382 ha·

233 2426 313 2488 bere
336 2444 474 2488 causam
498 2428 707 2489 meritoriam
729 2428 767 2488 de
788 2448 927 2505 congruo
950 2428 985 2488 in
1008 2426 1140 2496 eodem,
1164 2437 1201 2488 et

234 2534 441 2594 meritoriam
465 2533 508 2595 de
532 2534 706 2616 condigno
730 2535 959 2596 extrinsecam
990 2535 1142 2595 maxime
1169 2537 1198 2594 si

234 2638 293 2700 illa
316 2658 419 2701 causa
442 2642 616 2701 meritoria
639 2643 832 2704 extrinseca
859 2642 905 2703 sit
935 2641 1087 2722 gratuite
1118 2641 1201 2702 data

233 2746 282 2806 illi
308 2766 370 2825 pro
394 2766 462 2826 quo
486 2757 539 2809 est
562 2748 746 2809 meritoria.

322 2852 379 2913 Ad
397 2854 564 2913 secundum
588 2864 704 2935 potest
726 2855 792 2916 dici
818 2854 910 2934 quod
934 2854 1050 2915 omnia
1082 2852 1201 2916 Sacra·

233 2968 348 3021 menta
372 2978 472 3021 novae
497 2960 587 3042 legis
612 2961 740 3022 habent
762 2958 947 3022 efficaciam
983 2980 1003 3021 a
1036 2962 1200 3041 passione

233 3062 360 3127 Christi
385 3076 423 3127 ut
451 3067 614 3136 exhibita.
645 3087 713 3128 non
754 3068 891 3148 quidem
928 3068 962 3129 in
995 3076 1074 3128 actu
1107 3077 1203 3128 exte·

232 3174 324 3242 riori,
349 3172 409 3233 sed
434 3174 600 3245 interiori;
628 3174 670 3234 ab
694 3176 835 3237 instanti
861 3193 934 3235 suae
961 3175 1201 3254 conceptionis

232 3278 352 3340 habuit
376 3277 533 3341 Christus
556 3282 715 3343 meritum
739 3301 812 3343 suae
835 3282 1016 3362 passionis.
1050 3278 1118 3353 Vei
1142 3300 1204 3361 po-

232 3395 300 3447 test
328 3387 393 3448 dici
427 3387 519 3466 quod
554 3385 776 3450 Sacramenta
809 3408 910 3450 novae
945 3388 1036 3469 legis
1071 3390 1201 3454 omnia

233 3492 343 3554 adhuc
367 3494 506 3554 vivente
530 3492 677 3564 Christo,
695 3495 887 3558 habuerunt
902 3494 1014 3555 adhuc
1029 3496 1202 3556 minorem

232 3596 415 3659 efficaciam
440 3620 542 3679 quam
567 3613 646 3680 post
670 3603 743 3682 ejus
767 3604 975 3683 passionem;
1010 3611 1047 3662 et
1083 3612 1201 3665 tamen
