2600 4200
177 425 212 485 in
236 422 432 512 inductione
456 419 574 483 lormae
599 439 668 482 non
698 431 751 483 est
785 422 851 482 nisi
885 437 991 501 penes
1021 431 1141 501 partes

177 530 325 600 mobilis,
348 529 404 590 vel
428 539 543 610 partes
567 525 708 600 lormae3
734 525 794 589 sed
812 529 846 589 in
863 529 1042 608 proposito
1059 547 1141 589 neu·

176 647 266 699 trum
290 644 405 719 potest
428 635 507 716 poni
523 655 529 706 ;
548 637 693 714 primum
718 653 796 705 non,
820 635 902 715 quia
935 633 1137 715 subjectum,

177 744 265 806 idest
289 745 412 813 anima,
429 751 481 804 est
498 741 708 804 indivisibile
722 763 729 814 ;
753 742 920 802 secundum
937 743 1040 803 etiam
1057 761 1137 810 non,

177 854 258 931 quia
281 851 369 912 sicut
392 850 563 930 contingit
596 849 761 911 miniman
796 849 942 929 gratiam
973 846 1057 917 dari,
1089 850 1138 909 ita

177 959 348 1039 contingit
370 955 451 1018 dare
474 956 649 1016 minimam
666 954 946 1036 dispositionem
972 955 1079 1036 igitur
1093 953 1138 1016 ad

177 1067 291 1127 minus
314 1066 381 1126 ista
403 1063 584 1143 dispositio
608 1065 676 1126 non
701 1062 803 1124 habet
827 1061 956 1143 gradus
982 1061 1038 1123 vel
1055 1080 1138 1123 suc·

177 1173 375 1234 cessionem.

267 1279 434 1340 Praeterea.
460 1276 565 1338 Nulla
587 1275 767 1358 pluralitas
791 1285 843 1336 est
874 1275 1034 1356 ponenda
1062 1277 1138 1336 sine
1235 1363 1241 1370 Ι

178 1385 380 1447 necessitate
403 1403 447 1444 ex
472 1403 499 1444 r.
525 1383 619 1461 Phys.
633 1405 647 1451 ,·
670 1382 730 1444 sed
746 1381 802 1443 hic
817 1381 913 1444 nulla
927 1391 980 1443 est
995 1381 1139 1444 evidens

178 1493 364 1554 necessitas
387 1491 431 1552 ad
453 1491 648 1571 ponendum
673 1488 767 1551 illam
791 1490 957 1570 praeviam
995 1489 1139 1570 disposi-

178 1601 304 1661 tionem
329 1607 484 1680 rcspectu
511 1599 655 1679 gratiae;
680 1615 774 1677 ergo,
807 1595 970 1658 Probatio
1005 1598 1139 1656 minoris

178 1716 318 1788 apparet
343 1707 377 1768 in
403 1703 624 1768 Sacramento
649 1703 878 1766 Eucharistiae
902 1703 960 1764 ubi
998 1705 1137 1786 signum

178 1812 340 1876 sensibile
363 1822 443 1874 sunt
467 1813 598 1894 species
621 1813 731 1892 panis.
766 1829 821 1873 res
855 1819 969 1872 autem
1001 1812 1140 1892 signata

178 1931 230 1981 est
253 1920 438 1982 existentia
468 1919 629 2000 Corporis
664 1917 811 1989 Christi3
847 1918 908 1979 sed
941 1920 1031 1979 inter
1060 1917 1140 1979 illas

178 2027 310 2108 species
333 2035 368 2088 et
391 2027 609 2086 existentiam
634 2023 795 2106 Corporis
815 2021 957 2091 Christi.
975 2023 1140 2105 nullapo-

179 2137 271 2197 nitur
294 2134 474 2213 dispositio
490 2134 639 2213 praevia.
781 2132 784 2135 ’

268 2240 435 2301 Proelerea.
462 2240 659 2302 Bernardus
684 2248 718 2299 tn
735 2238 837 2300 Serm.
854 2240 891 2299 de
905 2258 989 2299 crena
1005 2238 1143 2299 Domini

179 2350 276 2416 sicut,
316 2349 437 2428 inquit,
473 2347 655 2408 investitur
685 2347 871 2408 canonicus
908 2364 970 2427 per
1001 2344 1138 2415 librum,

180 2455 284 2517 abbas
307 2474 368 2535 per
390 2454 560 2524 baculum,
585 2456 768 2536 episcopus
791 2471 853 2533 per
881 2452 1055 2521 annulum,
1088 2454 1140 2513 sic

179 2562 366 2625 divisiones
382 2564 568 2642 gratiarum
586 2560 721 2623 traditae
742 2570 822 2622 sunt
839 2561 874 2621 in
890 2558 1138 2629 Sacramentis;

179 2671 240 2732 sed
262 2672 377 2731 omnia
400 2669 564 2749 praedicta
591 2678 671 2729 sunt
699 2669 800 2749 signa
832 2677 866 2729 et
899 2686 967 2729 non
1001 2684 1138 2737 causam

179 2796 263 2858 ergo
287 2796 354 2838 non
379 2784 458 2837 sunt
482 2794 585 2837 causa
608 2776 740 2857 gratiae.

268 2884 435 2945 Praeterea.
462 2880 498 2944 Si
525 2880 745 2944 Sacramenta
779 2881 861 2945 simt
893 2901 996 2945 causa
1026 2884 1142 2944 activa

180 2994 312 3075 gratiae,
337 3010 420 3072 crgo
444 2992 479 3051 in
504 2992 554 3051 eis
578 3000 629 3051 est
655 2989 770 3070 aliqua
798 2992 909 3053 virtus
941 2999 1142 3071 supernatu-

178 3100 280 3171 ralis;
306 3100 366 3161 scd
391 3098 455 3160 hoc
479 3105 531 3159 cst
554 3096 688 3159 falsum.
715 3096 884 3160 Probatur
906 3100 1018 3165 mittor,
1057 3099 1143 3177 quia

180 3207 239 3269 illa
262 3209 382 3275 virtus,
407 3215 465 3267 aut
489 3214 581 3266 essct
603 3214 677 3267 tota
700 3206 734 3267 in
758 3214 833 3267 toto
857 3203 1079 3267 Sacramento
1105 3215 1141 3265 et

179 3324 252 3376 tota
275 3316 308 3375 in
333 3314 485 3395 qualibet
508 3312 581 3394 ejus
605 3322 711 3393 parte,
736 3322 795 3374 aut
826 3321 899 3374 tota
932 3314 966 3373 in
1000 3320 1074 3372 toto
1105 3322 1142 3373 et

179 3442 258 3503 pars
283 3424 315 3483 in
341 3430 446 3501 parte.
473 3420 618 3481 Primum
644 3439 712 3481 non
737 3431 850 3501 potest
874 3419 957 3486 dari.
982 3418 1143 3499 quiahoc

180 3529 289 3590 solum
314 3530 477 3608 competit
501 3529 624 3589 animae
649 3527 869 3589 intellectivae
893 3528 983 3588 inter
1011 3522 1144 3587 formas

179 3644 318 3695 creatas.
346 3634 417 3695 Nec
452 3636 627 3702 serrmdum,
668 3638 748 3714 quia
781 3644 863 3696 tuuc
897 3632 1145 3695 extenderetur
