2600 4200
185 279 374 343 Disrurcr.
401 278 550 345 XXXIV
573 290 605 344 et
629 280 763 345 XXXV
787 280 933 363 Quasi.
959 282 974 345 Ι
1020 298 1085 363 2²9

207 486 459 561 nidummalum,
472 486 513 549 de
524 486 710 550 differentiis
720 486 872 560 divisivis,
884 495 934 550 est
951 487 1103 571 neganda

135 592 258 665 minor,
282 592 369 675 quia,
394 602 431 655 ut
453 602 544 683 patet
566 614 609 656 ex
632 593 736 667 dictis,
749 594 811 656 tria
826 595 916 657 dona
929 602 1005 657 sunt
1018 594 1105 657 idem

133 718 218 761 curn
241 699 345 761 tribus
367 699 540 763 virtutibus
563 698 765 783 theologicis,
789 709 822 763 et
847 709 988 783 quatuor
1016 701 1105 764 dona

134 825 218 867 cum
241 812 383 887 quatuor
406 805 579 870 virtutibus
601 806 828 869 cardinalibus,

208 912 268 973 Ad
287 912 418 975 tertium
442 913 616 975 dicendum
640 914 731 995 quod
755 912 948 995 accipiendo
978 914 1104 976 donum

135 1018 267 1081 timoris
290 1018 435 1093 Domini,
459 1019 512 1081 illa
534 1020 617 1083 bene
639 1028 689 1083 est
713 1020 828 1093 virtus,
842 1028 875 1083 et
899 1021 940 1082 de
962 1020 1016 1082 illa
1039 1040 1105 1083 non

137 1124 286 1207 loquitur
309 1125 502 1188 Aristoteles
525 1126 557 1188 in
583 1124 711 1199 Etltic.,·
738 1126 884 1208 loquitur
898 1126 984 1189 enirn
1009 1125 1105 1189 ibide

138 1232 213 1293 aliis
227 1232 407 1297 timoribuS.

211 1334 258 1405 Si
277 1341 403 1405 aulem
427 1337 501 1406 ista
536 1348 652 1421 quarta
686 1339 797 1421 opinio
833 1359 898 1401 non
933 1339 1048 1421 placet,
1072 1348 1105 1401 et

136 1453 283 1526 ponatur
296 1445 386 1507 realis
402 1444 580 1507 differentia
596 1445 679 1507 inter
692 1445 827 1507 virtutes
841 1455 875 1507 et
887 1445 984 1519 dona,
997 1454 1105 1527 potest

137 1552 205 1613 dici
228 1552 276 1613 ad
288 1552 438 1633 primum
462 1552 497 1613 in
509 1552 711 1614 contrarium
730 1552 821 1634 quod
842 1572 961 1614 nomen
978 1551 1105 1615 virtutis

135 1667 174 1721 et
186 1658 263 1731 doni
275 1658 450 1743 aliquando
462 1658 617 1741 accipitur
630 1658 857 1733 communiter,
868 1667 900 1719 et
912 1660 956 1721 sic
968 1659 1104 1722 virtutes

138 1765 293 1827 dicuntur
316 1765 412 1839 dona,
437 1774 469 1827 et
484 1765 571 1827 dona
583 1765 727 1839 virtuteS,
740 1774 773 1827 et
785 1765 829 1827 sic
846 1765 964 1846 accipit
977 1765 1104 1847 Grego-

138 1871 216 1933 riuS.
240 1871 432 1954 Aliquando
454 1871 610 1954 accipitur
633 1871 773 1954 proprie,
787 1880 820 1933 et
832 1871 877 1934 sic
889 1872 1105 1953 quemadmo-

135 1978 221 2040 dum
243 1978 378 2041 virtutes
392 1986 426 2041 et
441 1979 529 2041 dona
551 1978 795 2061 distinguuntur
819 1978 1000 2040 secundum
1017 1998 1096 2053 rem,

135 2086 184 2148 ita
206 2085 304 2149 etiam
328 2084 572 2169 distinguuntur
595 2084 775 2149 secundum
800 2105 930 2148 nomen.

206 2193 265 2256 Ad
282 2191 460 2256 secundum
482 2181 659 2256 dicendum
682 2191 773 2273 quod
796 2191 849 2254 illa
864 2212 930 2254 non
954 2201 1002 2255 est
1025 2213 1100 2274 pro-

137 2300 206 2383 pria
230 2299 377 2363 definitio
410 2299 547 2373 virtutis,
575 2299 632 2360 sed
655 2307 704 2360 est
734 2299 889 2380 quaedam
926 2297 1103 2363 notificatio

134 2405 332 2482 communis,
357 2405 431 2470 ideo
455 2413 563 2487 potest
574 2403 637 2466 dici
649 2412 719 2468 tarn
738 2405 781 2468 de
803 2405 976 2468 virtutibus
998 2426 1098 2487 quarn

134 2514 177 2576 de
192 2513 296 2578 donis.
