2600 4200
372 232 568 296 DISTINCTt
588 232 622 294 X
648 231 800 312 Quasi.
827 231 879 293 111
1020 253 1078 312 139

141 412 249 473 idest:
276 429 343 472 non
367 419 481 490 potest
504 429 580 470 esse
603 411 781 490 cognitum
806 411 871 471 nisi
904 421 1103 491 supernatu-

140 517 266 587 raliter,
291 537 369 594 nega
391 518 648 595 consequentiam.
675 515 788 577 Multa
810 517 900 578 enim
918 519 1103 578 suntentia

139 623 413 704 supernaturalia
450 641 529 702 quae
567 632 713 702 possunt
747 625 910 704 cognosci
945 643 965 683 a
998 642 1103 684 causa

140 729 297 800 naturali,
322 739 360 791 ut
384 731 413 792 si
436 729 533 791 Deus
556 741 688 790 crearet
710 728 859 809 aliquam
887 749 1012 790 novam
1029 749 1103 811 spe·

138 839 236 908 ciem,
261 856 329 898 non
353 837 527 898 videretur
549 837 637 897 ratio
664 855 769 916 quare
804 855 872 896 non
907 847 1025 916 posset
1059 838 1102 898 ab

139 944 314 1006 intellectu
339 942 484 1006 naturali
511 945 685 1024 cognosci.

484 1205 668 1288 Qomsmo
692 1208 754 1269 ΙΙΙ.

254 1351 311 1410 Ad
330 1352 453 1410 tertiam
481 1351 690 1424 Quoestiauem
713 1352 757 1409 sic
773 1351 972 1426 proceditur:

229 1492 376 1554 Videtur
399 1492 491 1572 quod
515 1492 701 1553 existentia
723 1491 886 1571 Corporis
912 1491 1039 1554 Christi
1064 1495 1098 1554 in

138 1599 356 1662 Eucharistia
390 1601 500 1679 possit
535 1599 642 1660 videri
679 1598 778 1659 oculo
812 1600 990 1679 corporali,
1018 1602 1101 1679 quia

138 1708 258 1768 beatus
275 1706 423 1768 videndo
441 1708 524 1767 istas
547 1708 680 1785 species
697 1723 763 1765 non
781 1705 1006 1785 deciperetur,
1019 1709 1101 1786 quia

139 1814 296 1895 deceptio
320 1823 491 1894 repugnat
514 1813 731 1883 beatitudini;
757 1812 818 1872 sed
841 1813 869 1872 si
894 1813 1027 1874 videret
1051 1813 1098 1874 ibi

138 1923 271 2000 species
294 1929 328 1981 et
353 1939 419 1981 non
445 1919 577 1979 videret
601 1917 735 1998 Corpus
750 1916 888 1988 Christi,
905 1929 1023 1998 posset
1046 1919 1100 1980 de-

137 2029 205 2109 cipi
230 2036 264 2088 et
287 2027 424 2087 credere
441 2026 486 2086 ibi
508 2044 584 2085 esse
608 2024 834 2086 substantiam
858 2026 978 2105 panis3
1003 2044 1097 2108 ergo.

232 2135 355 2194 Contra.
381 2133 478 2193 Nihil
502 2132 637 2193 videtur
660 2132 760 2193 oculo
776 2132 943 2213 corporali
961 2134 1026 2194 nisi
1043 2134 1099 2194 ha-

135 2242 222 2301 bens
246 2240 399 2299 ordinem
424 2237 611 2315 naturalem
637 2239 680 2299 ad
703 2239 862 2311 oculum;
889 2240 949 2299 sed
965 2238 1098 2320 Corpus

137 2346 264 2409 Christi
291 2347 324 2405 in
349 2344 567 2406 Eucharistia
589 2346 754 2415 existens,
779 2365 847 2407 non
876 2346 979 2408 habet
1012 2348 1100 2408 ordi·

137 2472 215 2513 nem
240 2450 428 2513 naturalem
453 2452 496 2512 ad
519 2452 677 2524 oculum;
702 2471 796 2532 ergo

227 2558 270 2619 Iu
306 2572 392 2619 isra
418 2570 654 2633 QUAESTIONE,
684 2562 793 2635 prima
827 2559 919 2619 dicta
953 2560 1097 2621 aliorum

135 2684 335 2746 proponam.
362 2665 509 2733 S'ecrcnda,
538 2666 621 2746 quid
645 2666 781 2726 videtur
816 2684 892 2726 esse
916 2666 1097 2727 dicendum

135 2791 317 2854 exponam.

231 2968 448 3048 Quantum
472 2966 529 3028 tul
547 2966 757 3045 putatam,
782 2966 1026 3047 distinguendo
1054 2968 1097 3028 de

135 3076 240 3136 audere
278 3076 468 3133 naturaliter
490 3082 524 3133 et
548 3075 741 3140 miraculose,
773 3084 807 3133 et
841 3074 883 3134 de
916 3075 1001 3133 acula
1030 3076 1097 3151 glo·

135 3184 217 3241 riaso
251 3192 286 3243 et
320 3201 380 3240 nan
410 3182 557 3258 glareosa,
593 3180 719 3241 dicitur
753 3199 837 3261 ergo
862 3180 954 3260 quod
978 3191 1096 3241 neuter

134 3291 233 3349 visus
255 3296 370 3369 potest
393 3287 593 3348 naturaliter
616 3287 733 3348 videre
756 3285 890 3367 Corpus
910 3285 1036 3348 Christi
1060 3287 1095 3347 in

134 3394 362 3457 Eucharistia.
388 3394 447 3455 Ad
470 3394 562 3474 quod
587 3396 784 3475 assignatur
799 3392 983 3473 multiplex
997 3394 1094 3453 ratio.

224 3502 336 3561 Prima
360 3512 413 3563 est
437 3503 523 3563 ista:
549 3500 655 3581 Actio
680 3501 845 3562 naturalis
861 3519 929 3560 non
946 3509 999 3560 est
1022 3501 1096 3560 sine

133 3618 314 3682 contactu,
339 3609 400 3669 sed
423 3609 512 3669 oculi
538 3609 580 3669 ad
605 3607 738 3688 Corpus
762 3606 889 3669 Christi
914 3607 1096 3667 existentis

1042 3744 1067 3784 10
