2600 4200
306 256 496 320 Drsrrucr.
521 256 652 338 XXIV
680 256 831 339 Quasi.
856 256 891 319 ΙΙ
1003 274 1063 337 255

217 488 282 552 De
304 494 459 567 quarto
473 486 679 565 Annulo,
696 488 826 551 scilicet
841 488 1013 569 quomodo
1030 486 1090 555 Sa·

126 603 337 657 eramentum
361 593 501 657 Ordinis
524 604 578 656 est
596 614 712 667 unum,
729 596 795 655 dico
807 594 898 676 quod
914 604 967 657 est
982 614 1088 680 unum

126 703 259 765 unitate
290 704 427 783 generis
450 703 644 784 propinqui,
670 704 759 767 sicut
782 703 927 764 virtutes
942 700 1089 779 morales

127 810 288 871 dicuntur
310 828 387 871 esse
410 817 479 870 tres
502 802 690 895 secundum
715 828 836 895 genus,
862 806 993 869 scilicet
1020 807 1090 889 jus-

126 916 214 986 titia,
238 913 403 977 fortitudo
426 924 462 976 et
484 917 718 996 temperantia,
743 924 857 977 tamen
881 916 916 977 in
948 914 1088 996 speciali

128 1022 292 1102 quaelibet
315 1024 351 1083 in
374 1021 482 1083 multa
494 1022 669 1085 dividitur.
695 1021 760 1084 Est
771 1023 873 1083 etiam
890 1022 957 1083 alia
972 1022 1087 1083 unitas

127 1128 219 1190 inter
240 1128 377 1190 ordines
400 1137 435 1189 et
457 1128 641 1199 ordinatos,
657 1128 787 1191 scilicet
806 1129 920 1190 unitas
937 1108 1088 1199 Ordiriis,

127 1237 210 1316 quia
232 1254 423 1317 congruum
448 1244 501 1297 est
523 1237 619 1315 prius
642 1237 793 1315 recipere
817 1233 980 1298 Ordinem
1008 1214 1089 1297 infe

127 1344 252 1403 riorem
276 1359 378 1422 quam
403 1342 622 1423 superiorem,
648 1361 710 1404 nec
745 1351 859 1403 tamen
895 1343 960 1403 iste
994 1340 1089 1405 Ordo

126 1458 182 1509 est
205 1448 406 1529 simpliciter
429 1450 654 1520 necessarius;
681 1449 757 1510 ideo
781 1447 939 1511 notanter
965 1449 1090 1511 dicitur

127 1574 334 1636 congruum3
359 1556 451 1637 quod
474 1556 503 1616 si
527 1557 810 1635 praetermittatur
834 1556 918 1617 nihil
942 1554 981 1617 fit
996 1554 1089 1637 quod

127 1661 292 1742 impediat
315 1682 336 1723 a
359 1661 575 1742 susceptione
599 1659 739 1725 Ordinis
764 1671 954 1743 utapparet
969 1663 1087 1723 Extra.

125 1770 166 1829 de
193 1769 311 1830 Clerico
326 1774 390 1847 per
411 1770 525 1828 saltum
544 1776 697 1847 promoto.

218 1964 280 2027 AD
313 1978 587 2026 Aaounrsurun
622 1976 853 2026 PRINC1PALE
890 1964 966 2025 dico
997 1962 1090 2044 quod

127 2081 210 2134 sunt
233 2070 349 2151 plures
371 2071 583 2133 characteres
606 2071 747 2134 alterius
771 2070 911 2151 speciei;
946 2078 981 2132 et
1011 2089 1088 2132 cum

127 2181 245 2260 arguit
268 2179 310 2240 de
334 2179 537 2240 excellentia
553 2188 667 2258 potest
678 2179 817 2240 concedi
831 2179 922 2259 quod
934 2197 974 2238 eo
986 2177 1089 2239 modo

127 2303 198 2365 quo
221 2286 434 2347 characteres
456 2295 537 2346 sunt
560 2286 652 2347 entia
683 2285 810 2346 habent
844 2284 945 2346 talem
980 2283 1091 2347 excel·

129 2392 279 2453 lentiam.

486 2604 668 2685 Quassuo
693 2604 736 2666 ΙΙ.

219 2749 275 2807 Ad
293 2748 459 2806 secundam
486 2748 694 2820 Quoesliouem
718 2750 762 2807 sic
787 2749 991 2826 proceditur:

219 2889 367 2950 Videtur
389 2889 481 2969 quod
504 2908 608 2969 poena
631 2890 795 2951 canonica
826 2909 892 2950 non
926 2889 1089 2968 impediat

127 3016 150 3056 a
173 2996 389 3074 susceptione
413 3006 447 3055 et
470 2996 653 3057 collatione
676 2996 776 3074 hujus
801 2993 1011 3057 Sacramenti
1029 2995 1091 3055 sci·

128 3103 209 3164 iicet
232 3101 382 3170 Ordinis,
407 3103 488 3182 quia
512 3101 679 3163 Sacerdos
703 3083 1018 3163 excommunicatus
1032 3101 1086 3162 vel

129 3209 338 3290 irregularis,
363 3210 392 3269 si
417 3219 561 3270 attentat
584 3208 758 3275 conficere,
784 3207 934 3280 conficit,
961 3227 1044 3289 ergo
1069 3229 1089 3268 a

129 3317 232 3378 simili
257 3317 285 3376 si
311 3315 505 3395 Episcopus
529 3317 844 3378 excommunicatus
875 3315 931 3376 vel
963 3317 1091 3396 irregu-

128 3423 211 3483 laris
234 3431 379 3483 attentat
403 3423 568 3491 ordinare,
593 3423 737 3490 ordinat,
763 3433 796 3483 et
820 3424 884 3482 iste
909 3423 966 3500 qui
985 3423 1089 3482 susci-

129 3531 190 3610 pit,
216 3531 243 3590 si
270 3529 415 3590 intendit
446 3531 605 3598 ordinari,
640 3529 824 3590 ordinatur.
866 3530 1089 3606 Consequentia

127 3645 224 3716 patet
247 3655 307 3716 pcr
330 3637 442 3698 locum
466 3657 486 3697 a
510 3636 623 3696 simili.
