2600 4200
366 249 555 312 Drssmca.
582 249 673 312 XIII
698 249 850 330 QuAEsr.
876 249 891 312 1
1032 218 1091 328 17¹3

153 447 215 510 per
238 430 443 510 principium
468 428 593 510 agendi
618 429 710 508 quod
734 448 802 489 non
836 437 889 489 est
927 426 1116 490 formaliter
1159 468 1161 475 ·

152 533 335 607 infinitum,
360 545 474 616 potest
496 545 689 615 competere
712 544 889 607 creaturae;
925 535 986 596 sed
1019 534 1116 596 Deus

152 643 311 724 producit
335 641 602 710 Sacramentum.
628 660 688 702 seu
712 639 868 702 effective
893 660 930 702 se
953 641 1057 703 habet
1071 643 1115 702 ad

152 750 239 812 illud
263 747 520 812 Sacramentum
545 767 606 829 per
630 748 842 810 voluntatem
858 767 935 829 quae
951 745 1115 830 [non]est

152 854 341 918 formaliter
365 853 513 928 Infinita;
539 857 655 936 igitur.
682 855 790 939 Major¹
812 864 916 935 patet,
934 857 1015 936 quia
1025 873 1115 916 crea-

151 974 238 1025 turae
262 981 329 1024 non
353 972 523 1044 repugnat
554 963 621 1024 ista
654 962 743 1023 actio
777 961 875 1042 cujus
907 962 1112 1042 prinprium

152 1068 324 1132 sufficiens
348 1079 400 1131 est
424 1069 466 1131 ad
490 1069 620 1149 aliquid
636 1065 770 1130 finitum
783 1069 839 1130 vel
855 1068 898 1130 ad
914 1071 1028 1130 minus
1045 1087 1113 1130 non

152 1175 332 1238 infinitum.
358 1176 504 1237 Probatio
527 1177 669 1243 minoris,
697 1177 779 1256 quia
802 1177 831 1238 si
855 1174 1016 1237 voluntas
1046 1175 1111 1238 Dei

151 1295 243 1346 esset
265 1281 453 1346 formaliter
477 1280 610 1344 infinita
632 1282 822 1344 Includeret
845 1281 1034 1344 formaliter
1044 1301 1114 1345 om·

151 1409 229 1453 nem
254 1388 495 1472 perfectionem
520 1390 739 1452 Intrinsecam
764 1389 850 1459 Deo,
874 1391 955 1470 quia
978 1387 1112 1451 infinito

151 1498 247 1560 nulla
269 1507 383 1578 potest
406 1495 478 1558 fieri
503 1497 642 1566 additio,
668 1505 702 1557 et
725 1505 806 1557 tunc
830 1496 991 1557 voluntas
1021 1505 1113 1558 esset

150 1605 297 1686 pelagus
321 1603 463 1666 infinitae
488 1603 701 1672 substantiae.
719 1604 896 1683 quod-non
912 1611 965 1664 est
980 1622 1111 1672 verum,

151 1713 232 1792 quia
255 1711 318 1773 hoc
330 1720 383 1772 est
406 1711 580 1791 proprium
604 1709 732 1771 divmae
748 1709 908 1770 essentiae
924 1709 1110 1771 secundum

150 1819 403 1880 Damascenum
429 1817 498 1878 Lib.
524 1836 551 1876 r.
576 1837 600 1876 c.
627 1835 655 1892 9.

240 1925 408 1990 Praelerea,
437 1941 545 2005 agens
570 1923 724 1984 naturale
747 1931 861 2002 potest
885 1922 963 1983 illas
979 1923 1112 2003 species

151 2031 295 2092 alterare
318 2041 353 2092 et
376 2029 513 2092 tandem
526 2049 570 2091 ex
588 2030 674 2111 ipsis
689 2047 855 2111 generare
871 2029 1109 2099 substantiam,

150 2141 239 2200 sicut
262 2147 356 2218 patet
380 2138 414 2197 in
439 2139 605 2199 mixtione
629 2137 748 2198 multae
770 2156 869 2216 aquae
901 2137 944 2197 ad
978 2138 1111 2217 species

149 2247 236 2317 vini;
262 2246 370 2326 igitur
392 2243 508 2324 aquua
530 2246 641 2305 virtus
657 2252 772 2304 creata
786 2252 900 2322 potest
912 2252 1111 2304 convertere

149 2352 299 2413 totaliter
323 2353 407 2412 istas
431 2353 563 2431 species
587 2352 621 2412 in
646 2350 747 2411 aliam
771 2349 998 2411 substantiam
1014 2351 1110 2429 prius

150 2478 217 2519 non
242 2459 457 2525 existentem,
481 2466 516 2517 et
539 2476 599 2537 per
622 2474 837 2536 consequens
859 2456 1011 2517 totaliter
1026 2474 1111 2517 con·

149 2574 281 2626 vertere
306 2566 339 2625 ln
365 2564 590 2626 substantiam
615 2564 905 2644 praeexistentem,
933 2564 1014 2643 quia
1040 2582 1108 2623 non

148 2672 255 2751 major
279 2672 390 2732 virtus
414 2672 598 2750 requiritur
622 2672 656 2731 in
681 2688 750 2730 uno
774 2688 876 2749 quam
901 2670 935 2731 in
960 2668 1036 2729 alio.

238 2778 303 2837 Sed
322 2778 372 2836 hir
395 2776 567 2837 ratrbnr'bus
591 2794 659 2837 non
684 2775 878 2837 ostantibus
908 2776 985 2837 dico
1016 2777 1108 2856 quod

147 2893 303 2945 creatura
314 2904 380 2945 non
393 2893 508 2964 potest
520 2886 554 2944 in
567 2884 668 2945 istam
679 2883 938 2943 conversionem
951 2892 989 2943 ut
1000 2901 1109 2963 agens

149 2991 347 3071 principale.
373 2990 479 3071 Cujus
502 2992 590 3051 ratio
613 2999 666 3051 est
689 2990 771 3069 quia
794 2989 828 3049 in
853 2990 954 3050 istam
970 3008 1109 3050 conver-

147 3098 277 3159 sionem
303 3116 370 3158 non
395 3107 508 3177 potest
533 3098 597 3158 nisi
615 3115 724 3177 agens
739 3096 836 3176 cujus
852 3097 970 3157 virtuti
987 3098 1109 3157 activae

147 3205 298 3265 totaliter
322 3204 439 3279 subest
462 3222 537 3265 esse
562 3212 596 3265 et
620 3222 688 3263 non
713 3221 789 3263 esse
805 3204 982 3282 utriusque
999 3213 1109 3263 extre·

147 3311 215 3383 mi;
248 3311 307 3371 sed
331 3310 462 3371 nullum
486 3320 637 3372 creatum
673 3328 781 3390 agens
815 3318 867 3370 est
901 3308 1106 3389 hujusmodi,

146 3418 229 3497 quia
251 3417 429 3497 quodlibet
453 3436 561 3498 agens
595 3425 746 3477 creatum
781 3418 1020 3496 praesupponit
1050 3417 1108 3477 ali·

146 3542 249 3603 quam
273 3533 404 3603 partem
429 3525 539 3604 ipsius
562 3523 698 3611 termini
721 3544 741 3581 a
764 3543 825 3600 quo
849 3521 971 3583 velud
1001 3543 1102 3600 quem,

146 3631 229 3709 quia
252 3648 319 3690 non
343 3638 456 3710 potest
480 3632 649 3711 attingere
675 3630 709 3689 in
733 3629 828 3691 nihil.
