2600 4200
273 168 314 244 36
499 165 574 225 Lm.
600 161 651 224 IV
677 163 982 225 Saussumauu

595 393 778 475 Quffisalo
802 393 863 456 ΙΙΙ.

366 538 421 598 Ad
441 539 564 600 tertiam
591 538 801 612 Quoestionem
824 541 868 596 sic
889 538 1087 613 proceditur:

340 661 485 746 Videtur
515 663 607 742 quod
640 662 834 742 baptizatus
867 661 1038 742 baptismo
1067 661 1213 739 Joannis

249 789 317 830 non
331 778 486 830 teneatur
503 770 695 830 necessario
711 768 911 848 rebaptizari
928 768 1101 848 baptismo
1119 767 1213 830 Chri·

248 877 304 945 sti,
329 877 410 956 quia
434 873 604 956 Magister
626 876 709 936 dicit
732 877 766 934 in
790 876 882 934 litera
905 895 930 934 c.
955 875 1009 934 ult.
1035 875 1128 954 quod
1153 875 1209 954 qui

248 1001 345 1062 spem
370 992 558 1062 posuerunt
582 985 616 1042 in
640 981 812 1062 baptismo
834 981 986 1060 Joannis
1010 990 1045 1042 et
1073 979 1210 1042 Patrem

247 1100 282 1150 et
307 1089 432 1151 Filium
457 1097 491 1149 et
515 1085 681 1170 Spiritum
718 1086 881 1149 Sanctum
916 1087 1110 1155 credebant,
1143 1106 1209 1148 non

248 1205 329 1257 sunt
353 1207 473 1275 postea
495 1195 700 1275 baptizandi.

342 1303 466 1363 Contra.
509 1303 559 1361 De
587 1302 820 1361 (bnsecraliom’
842 1301 912 1360 dist.
937 1320 966 1376 4.
991 1322 1015 1360 c.
1042 1301 1153 1370 Aliud,
1176 1308 1210 1359 et

248 1410 414 1488 accipitur
438 1408 480 1468 ab
504 1407 707 1487 Augustino
729 1413 825 1484 super
840 1406 934 1483 Joan.
967 1407 1068 1464 leontil
1093 1425 1145 1482 5:
1180 1406 1208 1466 si

248 1533 335 1594 quos
359 1515 547 1593 baptizavit
568 1513 685 1592 Judas.
711 1531 778 1574 non
803 1514 925 1573 iterum
943 1523 1023 1574 sunt
1038 1513 1211 1592 baptizan-

247 1621 297 1692 di;
322 1640 409 1699 quos
434 1629 546 1682 autem
570 1620 758 1699 baptizavit
779 1618 939 1698 Joannes
965 1620 1086 1680 iterum
1103 1617 1212 1697 bapti·

248 1726 345 1788 zaudi
371 1737 460 1788 sunt.

339 1833 400 1894 ΑΙ)
424 1847 540 1894 ΙετΑΜ
564 1845 831 1907 Quasnoxsu,
856 1832 932 1892 dico
967 1842 1037 1892 tres
1068 1831 1213 1893 Conclu-

248 1941 372 2000 siones
400 1939 523 2007 Prima,
552 1958 663 2018 aquo
687 1937 752 1999 fuit
775 1939 967 2018 baptismus
987 1937 1132 2016 Joannis
1162 1940 1212 1999 in·

248 2047 399 2109 stitutus.
426 2046 577 2114 Secunda,
606 2046 648 2107 ad
673 2044 755 2126 quid
779 2042 844 2106 fuit
868 2046 1055 2107 institutus.
1090 2045 1205 2113 Tertia,

247 2174 326 2233 quae
351 2164 424 2213 erat
447 2153 520 2233 ojus
544 2150 707 2224 efficacia;
732 2153 887 2231 nunquid
910 2163 983 2213 arat
1006 2162 1112 2214 tantae
1142 2150 1211 2213 effi·

247 2262 362 2327 caciae.
388 2260 478 2340 quod
502 2261 695 2339 baptizatus
717 2260 889 2339 baptismo
911 2259 1054 2338 Joannis
1079 2278 1147 2319 non
1165 2270 1211 2319 ta

248 2377 385 2427 neretur
408 2366 572 2446 baptizari
596 2366 768 2445 baptismo
792 2363 929 2427 Christi.

342 2474 503 2547 Quantum
530 2474 575 2533 ad
600 2475 745 2551 primum
780 2473 857 2533 dico
891 2472 985 2552 quod
1018 2472 1211 2552 baptismus

244 2578 388 2658 Joannis
412 2576 477 2640 fuit
500 2580 679 2641 institutus
702 2598 723 2639 a
749 2578 834 2649 De0,
870 2579 952 2659 quia
979 2579 1073 2657 Joan.
1098 2598 1126 2639 1.
1162 2579 1211 2638 ait

248 2686 322 2765 ipsa
343 2684 493 2764 Joannes
518 2686 688 2766 Baptista:
729 2687 787 2765 qui
812 2704 868 2746 me
901 2684 1074 2766 baptizare
1105 2686 1208 2750 misit.

248 2792 306 2853 ille
330 2791 414 2852 mihi
439 2793 538 2863 dixit,
563 2802 625 2853 etc.

338 2898 505 2967 Proeterea,
534 2900 583 2960 sic
607 2900 723 2979 arguit
753 2896 911 2961 Christus
948 2907 1067 2959 contra
1100 2897 1211 2977 phari·

247 3024 349 3065 saeos:
375 3004 575 3085 Baptismus
595 3004 738 3084 Joannis
761 3004 804 3065 de
827 3004 917 3067 coelo
940 3012 1013 3065 erat
1035 3022 1079 3065 an
1095 3022 1140 3065 ex
1151 3002 1211 3064 ho-

246 3112 416 3172 minibus?
441 3108 478 3173 Si
503 3132 547 3173 ex
572 3112 778 3180 hominibus,
803 3120 977 3186 nouerat
1011 3112 1042 3171 ei
1074 3110 1210 3171 creden·

246 3218 343 3289 dum;
369 3218 397 3277 si
422 3218 465 3278 de
489 3218 589 3288 caela,
614 3220 790 3299 igiturex
815 3216 901 3279 De0.

341 3324 503 3398 Quantum
526 3324 570 3384 ad
591 3326 768 3393 secundum,
796 3325 874 3385 dico
898 3324 990 3405 quod
1015 3323 1209 3403 baptismus

243 3429 387 3509 Joannis
411 3448 478 3491 non
503 3428 568 3491 fuit
592 3431 770 3493 institutus
794 3430 836 3491 ad
853 3428 1077 3499 efficiendum,
1095 3430 1154 3490 sed
1170 3439 1210 3490 ut

245 3536 344 3615 ponit
367 3534 537 3616 Magister
561 3540 593 3597 in
618 3538 719 3605 litera,
748 3536 813 3599 fuit
836 3538 1014 3599 institutus
1037 3535 1081 3597 ad
1104 3537 1211 3617 signi·
