2600 4200
270 283 458 343 Drs‘rrncr.
483 280 597 344 XVIII
623 278 769 360 QuAEsr.
800 281 831 343 II
979 299 1039 367 147

114 481 335 566 Philippenses:
360 487 520 562 Christus,
545 487 659 568 inquit,
684 486 788 550 factus
807 497 856 550 est
879 509 939 570 pro
967 489 1062 552 nobis

114 591 247 655 obediens
254 592 355 675 usque
370 595 413 657 ad
426 604 586 674 mortem;
602 604 634 657 et
646 595 808 676 sequitur:
822 605 955 676 propter
971 597 1062 678 quod

114 708 140 757 et
157 701 302 762 exaltavit
324 701 427 774 illurn,
450 702 534 763 idest
560 722 621 782 pro
655 701 717 764 isto
752 701 868 764 merito
902 703 1063 765 exaltavit

115 803 197 868 illum.

167 914 241 975 Alia
277 914 384 996 opinio
421 915 499 977 dicit
533 915 623 996 quod
659 913 807 978 Christus
846 916 963 978 meruit
1000 915 1059 978 sibi

111 1021 292 1082 amotionem
327 1022 409 1083 illius
443 1021 667 1103 impedimenti
702 1043 769 1103 quo
804 1022 906 1104 gioria
939 1022 1061 1084 animae

113 1144 167 1187 non
188 1129 385 1190 redundabat
409 1129 441 1190 in
469 1148 597 1209 corpus,
622 1128 684 1190 Hic
723 1129 834 1210 accipe
868 1129 958 1210 quod
988 1130 1062 1210 plus

114 1231 213 1309 placet.

168 1446 222 1506 Ao
251 1460 394 1510 Pnruuu
426 1461 646 1510 enrucrraee
681 1447 799 1509 nteitur
834 1447 923 1528 quod
947 1447 1058 1510 anima

113 1550 235 1628 perfecte
256 1555 346 1616 unita
370 1554 444 1616 Deo
468 1564 576 1635 potest
594 1554 707 1616 mereri
731 1553 756 1616 si
780 1563 826 1615 est
843 1555 979 1617 omnino
1002 1572 1059 1616 ex·

112 1665 153 1717 tra
173 1659 261 1721 viam.
286 1660 320 1723 Si
331 1670 445 1722 autem
468 1661 583 1742 aliquis
596 1663 704 1723 unitur
728 1663 801 1723 Deo
814 1661 868 1734 sic,
882 1661 972 1742 quod
989 1662 1061 1724 exi-

111 1772 184 1826 stens
205 1768 465 1848 comprehensor,
490 1768 590 1849 possit
613 1768 712 1830 etiarn
730 1787 798 1829 esse
814 1767 927 1840 viator,
946 1776 1053 1848 potest

112 1873 218 1933 mereri.
242 1875 390 1937 Christus
412 1884 522 1937 autem
557 1896 633 1938 cum
659 1875 721 1937 hoc
744 1875 834 1956 quod
869 1885 938 1936 erat
961 1896 1058 1937 corn·

112 1977 267 2054 prehensor
289 1991 359 2043 erat
381 1981 496 2051 viator,
509 1991 542 2043 et
565 1983 688 2044 ratione
713 2001 778 2062 qua
791 1980 852 2043 fuit
876 1981 979 2042 viator
994 2001 1055 2044 me·

113 2083 172 2154 ruit,
194 2097 228 2149 ut
250 2088 355 2170 patuit
378 2088 411 2151 in
435 2089 542 2170 primo
566 2089 728 2153 Articu10.

165 2194 216 2255 Ad
233 2195 409 2257 secundum
443 2196 560 2258 dicitur
585 2197 675 2277 quod
710 2195 818 2257 fruitio
842 2204 875 2257 et
899 2197 1050 2258 meritum

108 2309 174 2361 sunt
193 2302 256 2364 duo
278 2312 381 2365 actus.
406 2340 444 2347 —
474 2303 521 2364 Ei
542 2302 673 2384 quande
696 2301 853 2384 arguitur
876 2304 966 2383 quod
991 2303 1058 2364 duo

111 2415 191 2467 actus
211 2429 274 2471 non
298 2419 436 2490 possunt
459 2431 528 2471 esse
553 2410 586 2471 in
609 2410 724 2471 eadem
746 2410 890 2490 potentia
915 2430 1057 2491 quorum

111 2509 180 2573 alter
199 2516 237 2577 sit
258 2517 454 2598 adaequatus
489 2516 662 2598 potentiae;
687 2516 859 2578 dicendum
891 2518 981 2598 quod
1006 2538 1059 2578 ve-

114 2637 176 2680 rum
190 2632 234 2684 est
256 2625 438 2687 secundum
461 2626 597 2686 eandem
614 2623 799 2705 portionem
810 2643 817 2699 ;
842 2625 898 2685 sed
922 2624 953 2685 in
972 2623 1063 2687 Chri-

111 2733 155 2785 sto
175 2727 277 2792 fruitio
300 2741 369 2792 erat
399 2732 580 2793 secundum
605 2731 788 2813 portionem
823 2731 941 2791 anima:
966 2750 1060 2811 supe-

112 2832 225 2909 riorem,
257 2838 409 2900 meritum
433 2847 544 2899 autem
569 2838 750 2899 secundum
774 2837 957 2918 portionem
980 2835 1057 2899 infe-

111 2936 225 3003 riorern.
238 2944 404 3005 -Aliter
426 2953 534 3024 potest
557 2944 619 3006 dici
639 2944 730 3025 quod
746 2942 853 3005 fruitio
877 2953 945 3005 erat
969 2952 1060 3005 actus

109 3046 288 3129 adaequatus
312 3051 469 3112 intensive
493 3070 560 3112 non
584 3061 694 3113 autern
719 3050 894 3125 extensive,
909 3050 982 3111 ideo
1006 3071 1061 3131 po-

108 3159 182 3215 terat
206 3157 327 3220 mereri.

166 3262 223 3324 eid
241 3264 372 3326 tertium
395 3264 469 3327 dico
492 3265 583 3345 quod
606 3274 698 3326 actus
730 3265 873 3327 merendi
898 3266 929 3326 in
954 3264 1061 3346 primo

106 3364 228 3431 instanti
251 3369 311 3433 fuit
333 3372 536 3454 contingens,
561 3372 649 3433 unde
672 3372 755 3433 sicut
775 3374 991 3433 necessarium
1016 3372 1061 3431 di-

107 3471 179 3535 citur
203 3478 415 3540 necessarium
429 3478 562 3559 quando
574 3478 619 3540 ita
631 3488 690 3551 est,
713 3478 755 3539 ita
769 3480 962 3559 contingens
985 3478 1062 3539 dici-

107 3588 152 3639 tur
172 3583 364 3666 contingens
386 3585 521 3667 quando
552 3585 779 3666 contingenter
814 3584 906 3647 inest.
932 3584 1058 3646 Volun-

105 3695 151 3749 tas
170 3700 280 3753 autern
303 3691 348 3754 ita
370 3692 597 3775 contingenter
621 3691 768 3755 eliciebat
784 3692 875 3755 illum
899 3699 1010 3752 actum
1027 3691 1061 3751 in
