2600 4200
346 247 534 312 Drsrmcr.
560 247 753 332 [Qu-ess.
778 249 830 313 VI
1021 269 1059 330 ²5

210 447 354 508 Secroodo
390 447 550 508 Conclusio
584 449 749 529 probatur
781 469 841 531 per
876 447 1082 531 Gregorium

113 575 147 632 4.
174 555 226 616 lio.
253 557 362 616 moral.
388 555 567 626 dicentem,
592 558 682 620 sicut
705 557 913 639 arguebatur
936 557 979 620 ad
994 558 1085 638 prin·

113 662 251 743 cipale:
277 663 369 742 quod
394 663 484 744 apud
509 683 571 726 nos
596 663 688 726 valet
712 683 801 746 aqua
822 665 995 745 baptismi,
1019 675 1081 728 etc.

117 769 193 831 Nec
218 771 385 850 accipitur
408 769 462 836 hic
477 771 563 851 fides
586 791 649 852 pro
673 771 748 834 solo
771 771 900 840 habitu.
932 772 993 834 sed
1020 790 1082 853 pro

115 887 208 943 actu,
233 889 267 938 et
292 897 354 959 pro
383 888 459 940 actu
488 897 555 940 non
583 889 716 942 tantum
734 880 885 942 interiori
903 879 1081 942 sedetiam

113 986 293 1054 exteriori,
318 1005 381 1066 pro
406 995 483 1048 actu
508 1005 575 1066 quo
599 987 678 1066 quis
702 987 883 1048 invocabat
900 985 1012 1050 Deum
1024 1005 1082 1048 ore

114 1091 173 1153 vel
200 1092 316 1172 aliquo
340 1094 443 1176 signo
466 1094 628 1154 exteriori
653 1093 808 1156 sensibili
833 1090 1006 1156 offerendo
1033 1113 1082 1158 sa·

113 1197 256 1262 crificia.

217 1307 320 1367 Tertio
358 1307 517 1368 Conclusio
548 1308 713 1387 probatur
747 1327 808 1389 per
841 1307 1080 1390 Augustinum

112 1421 225 1476 contro
250 1411 426 1482 Faustum,
453 1414 509 1477 ubi
534 1415 617 1476 dicit
645 1415 715 1478 sic:
754 1414 975 1479 Sacramenta
1004 1434 1081 1498 quae

114 1529 300 1582 seruantur
338 1523 608 1601 praenunciatiia
641 1531 748 1592 erant,
784 1541 860 1603 quae
901 1541 978 1584 cum
1017 1541 1080 1586 suo

114 1629 269 1690 aduentu
293 1627 452 1692 Christus
475 1629 699 1709 implevisset,
725 1629 839 1692 ablata
855 1637 948 1697 sunti
963 1640 997 1692 et
1013 1629 1080 1693 alia

113 1736 276 1797 instituta
299 1754 376 1818 quae
400 1745 480 1798 sunt
504 1735 631 1799 virtute
661 1737 799 1816 majora,
835 1736 984 1800 utilitate
1015 1755 1081 1800 me·

114 1843 213 1907 liora.
240 1853 315 1904 actu
341 1839 503 1912 faciliora,
529 1853 563 1905 et
588 1862 729 1906 numero
753 1845 923 1924 pauciora.

207 1949 273 2010 Sed
291 1953 364 2010 loric
387 1952 625 2029 quaeriturque
643 1959 796 2031 tempore
811 1951 996 2014 cessaverit
1013 1950 1082 2014 Cir-

112 2057 290 2121 cumcisio.
320 2093 360 2103 -
398 2057 614 2135 Respondeiur
648 2057 740 2138 qnod
775 2057 825 2121 illi
859 2058 927 2123 duo
962 2061 1079 2142 magni

112 2164 295 2233 Doctores,
324 2165 485 2229 videlicet
521 2164 755 2247 Hieronymus
789 2176 823 2227 et
858 2166 1080 2248 Augustinus

111 2274 278 2335 videntur
301 2270 407 2335 luisse
432 2274 593 2333 contrarii
617 2273 660 2334 de
683 2275 874 2334 cessatione
905 2270 1077 2355 legalium.

110 2380 233 2443 Primo
258 2398 348 2459 pono
365 2381 561 2460 opinionem
579 2378 794 2461 Hieronymi,
812 2390 846 2442 et
862 2382 1078 2459 postmodum

112 2486 320 2567 Augustini.

206 2592 391 2655 Sciendum
415 2612 500 2675 ergo
525 2595 616 2673 quod
642 2594 876 2675 Hieronymus
900 2596 968 2657 duo
999 2605 1079 2657 tcm-

110 2720 201 2781 pora
225 2699 396 2763 intellexit
420 2702 454 2761 in
480 2720 580 2763 novae
614 2702 702 2783 legis
726 2701 863 2763 datione
897 2711 931 2762 et
963 2702 1079 2765 Sacra·

109 2817 308 2871 mentorum
348 2809 572 2869 institutione.
620 2808 736 2875 Uirum,
779 2809 908 2871 scilicet
943 2820 1078 2889 tempus

109 2914 322 2976 concedendi
348 2912 589 2995 Evangelium,
615 2915 745 2976 scilicet
769 2916 860 2995 quod
885 2917 1012 2995 incepit
1035 2917 1077 2977 ab

109 3021 266 3083 adventu
291 3018 417 3082 Christi
442 3022 617 3101 usquead
649 3023 820 3101 passionis
853 3024 1078 3085 consumatio·

110 3146 203 3189 nem.
229 3128 332 3187 Aliud
352 3125 418 3189 fuit
441 3136 576 3207 tempus
592 3129 880 3209 promulgationis
893 3127 1076 3210 Evangelii

109 3234 207 3315 quod
232 3235 357 3314 incepit
382 3234 424 3295 ab
449 3234 596 3297 adventu
622 3256 729 3315 usque
754 3237 796 3297 ad
819 3234 921 3297 finem
948 3237 1075 3299 mundi.

108 3378 153 3387 -
181 3340 349 3403 Similiter
373 3341 544 3403 intellexit
567 3344 659 3422 quod
693 3344 853 3405 mandata
887 3344 1013 3424 legalia
1043 3353 1076 3404 et

108 3448 362 3511 coerimonialia
385 3450 556 3529 contingit
580 3449 761 3529 dupliciter
777 3470 933 3521 servare3
959 3450 1014 3513 vel
1030 3470 1075 3513 ex

100 3560 265 3635 proeceplo
287 3565 449 3636 tanquam
475 3558 666 3617 necessaria
690 3558 731 3617 ad
756 3557 911 3624 salutem,
944 3556 998 3617 vel
1030 3577 1075 3619 ex

106 3664 348 3741 dispensatione,
378 3680 446 3723 non
471 3662 551 3743 quia
573 3662 664 3725 bona
687 3674 776 3734 sunt,
801 3665 862 3725 sed
886 3665 966 3745 quia
997 3664 1075 3727 inde
