2600 4200
292 200 481 262 Disrlncr.
501 198 587 260 VIII
613 197 765 278 QoAEsr.
784 197 881 260 HET
906 196 958 258 III
1032 216 1090 273 105

153 381 235 441 vina
258 389 310 440 est
333 377 495 459 Corporis
519 376 645 441 Christi
677 376 828 454 effectiva.
855 376 950 444 Item,
976 395 1044 437 non
1072 373 1116 434 ef-

152 484 224 548 ficit
247 487 445 566 operatione
469 486 639 544 successim
671 483 732 544 sed
766 485 964 564 operatione
998 485 1116 542 instan-

151 599 263 661 taneo,·
287 602 320 653 et
344 611 413 653 non
437 601 490 652 est
513 588 672 652 effectiva
694 591 742 650 rei
767 610 827 648 non
851 591 1023 656 existentis,
1055 589 1115 649 sed

152 700 202 760 rei
221 699 465 776 proeexz‘slentis,
494 699 576 776 quia
602 715 727 776 corpus
761 696 853 776 quod
887 705 940 756 est
967 697 1002 756 in
1026 695 1117 756 coelo

151 807 292 865 localiter
313 805 405 884 capit
428 823 504 866 esse
528 806 563 864 In
588 803 686 864 altari
710 804 987 862 sacramentaliter.

244 911 386 972 Secundo
404 912 576 988 propositio
599 918 651 970 est
674 910 766 989 quod
791 928 853 989 pro
878 908 937 970 illo
960 918 1116 989 tempore

152 1018 336 1106 denotatur
370 1020 404 1079 In
440 1019 594 1079 oratione
619 1018 757 1086 veritas,
781 1015 874 1096 quod
901 1014 1117 1097 significatur

154 1125 380 1206 perverbum
405 1125 571 1204 copulans
605 1134 761 1184 extrema
787 1123 1033 1203 propositionIs
1060 1122 1116 1182 vel

152 1233 330 1301 orationis
344 1243 382 1292 ut
394 1232 421 1292 si
444 1231 577 1292 dicatur
592 1231 683 1290 horno
696 1237 743 1290 est
756 1229 853 1297 albas,
875 1230 957 1310 quia
972 1229 1115 1291 verbum

150 1338 320 1418 copulans
343 1348 498 1399 extrema
521 1338 696 1406 orationis,
721 1346 774 1398 est
790 1337 932 1397 verbum
946 1353 1115 1415 praesens,

154 1444 232 1506 ideo
256 1446 384 1506 veritas
407 1445 572 1506 orationIs
599 1444 781 1504 denotatur
815 1444 850 1504 in
885 1452 1038 1522 tempore
1074 1441 1117 1502 de

156 1553 340 1631 praesenti;
366 1560 400 1612 et
423 1551 580 1612 similiter
604 1560 657 1610 est
680 1550 722 1610 de
747 1549 851 1610 verbo
875 1550 1041 1629 praeteriti
1060 1549 1116 1610 vel

154 1655 259 1719 futuri
284 1659 457 1737 temporis.

252 1765 283 1824 Τ
276 1767 357 1824 erlr'a
367 1766 537 1842 propositio
549 1774 601 1825 est
613 1764 706 1844 quod
723 1763 865 1824 verbum
881 1762 1116 1843 cujuscunque

154 1871 320 1950 temporis
355 1889 421 1932 non
447 1870 557 1932 solum
592 1879 707 1951 potest
741 1868 937 1951 sIgnificare
968 1879 1116 1951 tempus

153 1977 216 2039 sed
250 1979 352 2038 etiam
387 1987 500 2057 potest
536 1977 731 2059 sIgnIficare
770 1980 902 2039 Instans
940 1979 1116 2057 temporis,

152 2085 236 2166 quia
259 2085 287 2146 si
313 2104 380 2146 non
404 2093 522 2165 posset
550 2087 683 2147 instans
721 2086 885 2166 temporis
919 2082 1117 2166 significare

152 2210 231 2254 curn
267 2192 381 2253 anima
414 2201 548 2252 creatur
583 2194 616 2253 In
653 2194 804 2261 instanti,
829 2201 910 2252 tunc
936 2193 1002 2253 ista
1024 2201 1116 2252 esset

153 2295 261 2361 falsa:
287 2300 401 2359 anima
423 2306 566 2359 creatur.

244 2403 300 2465 Ex
325 2404 379 2465 his
402 2405 614 2465 orationibus
638 2405 798 2466 omnibus
810 2403 869 2465 fiat
892 2404 972 2465 talis
995 2404 1119 2466 deduc-

155 2513 224 2571 tio:
250 2530 313 2592 pro
336 2512 455 2572 eodem
479 2522 632 2591 tempore
657 2512 712 2571 vel
735 2530 798 2591 pro
822 2511 940 2573 eodem
973 2513 1114 2572 instanti

153 2618 264 2679 oratio
288 2626 341 2678 est
365 2618 520 2678 veritatis
543 2620 695 2677 ostensivo
720 2637 783 2697 pro
814 2637 882 2698 quo
910 2629 962 2680 est
985 2619 1033 2679 rei
1059 2617 1116 2677 vol

154 2726 308 2803 corporis
331 2722 479 2801 effectiva,
512 2734 550 2784 ut
574 2726 622 2784 sic
639 2730 759 2800 tempus
774 2722 940 2785 referatur
955 2725 999 2784 ad
1015 2726 1118 2786 actio

156 2847 234 2890 nem
268 2832 464 2895 succeszoam.
506 2833 625 2889 instans
660 2848 743 2890 vero
779 2831 821 2890 ad
855 2833 1023 2892 actionem
1060 2831 1116 2892 vol

155 2934 338 2997 factionem
374 2938 622 3003 instantaneom:
658 2935 718 2996 sed
754 2939 820 2998 ista
855 2940 963 2999 oratio
992 2939 1046 2998 hoc
1072 2946 1120 2998 est

155 3044 239 3102 enim
263 3051 373 3121 corpas
396 3063 499 3102 meum
528 3052 580 3103 est
615 3045 770 3122 corporis
797 3044 935 3123 affectiva
970 3065 1033 3125 pro
1069 3045 1117 3105 ul-

156 3150 240 3210 tImo
264 3151 405 3210 Instanti
430 3150 632 3230 prolationis
639 3170 645 3221 ;
665 3151 773 3231 Igitur
784 3160 837 3211 ost
852 3154 1004 3230 corporis
1020 3158 1117 3211 oslen-

155 3258 223 3315 sr'va
247 3276 310 3335 pro
334 3256 454 3316 ultimo
479 3257 619 3316 instanti
635 3234 855 3336 'prolationIs

246 3361 292 3423 Et
315 3382 376 3442 per
399 3362 462 3423 hoc
487 3372 582 3441 patet
606 3362 648 3422 ad
676 3369 897 3439 argumentum
927 3366 1115 3441 principale.

158 3466 279 3549 igitur.
305 3478 367 3530 ete.
