2600 4200
464 663 782 772 Distinctio
820 663 893 770 V.

415 953 517 1031 Post
549 955 627 1036 hoo
657 954 943 1030 sciendum...

292 1130 383 1192 Circo
407 1131 499 1190 istam
523 1130 607 1190 Dist.
629 1149 663 1206 5.
695 1135 726 1190 et
751 1131 896 1189 ultimam
918 1135 1045 1207 portem
1073 1129 1159 1189 Dist.

195 1237 338 1314 prceced„
381 1256 488 1316 quero
526 1239 602 1296 istos
636 1237 828 1314 questiones.
865 1234 1001 1296 Primo:
1044 1236 1161 1296 Utrum

188 1344 362 1424 justificati
383 1349 548 1403 teneantur
570 1343 734 1421 baptizari.
752 1339 933 1404 Secundo:
964 1343 1080 1403 Utrum
1102 1343 1161 1402 solo

197 1450 377 1511 Sacerdotes
399 1451 525 1528 possint
553 1449 721 1526 baptizare.
753 1446 892 1511 Tertio:
940 1449 1055 1510 Utrum
1083 1450 1164 1509 mali

198 1557 378 1617 Sacerdotes
395 1559 519 1635 possint
540 1556 699 1634 baptizare
721 1562 752 1615 et
778 1554 922 1632 conferre
949 1556 1156 1634 Baptismum.

566 1802 748 1884 Qttffisno
772 1802 798 1864 1.

322 1965 378 2025 Ad
391 1967 535 2042 primam
558 1966 759 2044 questionem
781 1965 826 2023 sic
842 1965 1033 2041 proceditur.

289 2123 437 2186 Videtur
459 2126 552 2205 quod
572 2122 749 2205 justificati
774 2144 842 2186 non
870 2134 1030 2185 tenentur
1054 2125 1164 2205 bapti·

200 2234 279 2303 zari‚
314 2234 395 2312 quia
429 2231 471 2293 de
506 2230 690 2312 Apostolis
725 2251 793 2293 non
828 2231 988 2314 legimus,
1023 2250 1086 2293 nec
1119 2231 1163 2293 de

201 2340 310 2400 Beata
333 2336 481 2419 Virgine
505 2338 597 2420 quod
620 2336 759 2400 fuerunt
784 2339 957 2419 baptizati.

294 2444 419 2506 Contra.
436 2444 530 2523 Joan.
553 2464 585 2522 3.
599 2468 611 2504 .·
637 2446 703 2507 nisi
730 2448 809 2527 quis
824 2454 964 2507 renatus
979 2442 1082 2506 fuerit
1097 2453 1160 2507 etc.

291 2551 334 2613 IN
359 2565 448 2613 ILLA
472 2564 699 2629 QUAESTIONE
722 2562 803 2615 sunt
818 2552 887 2614 duo
907 2550 1067 2614 Asticuli.
1090 2550 1163 2612 Pri-

202 2678 272 2719 mus
296 2669 348 2720 est
371 2660 401 2720 si
423 2657 598 2740 justificati
624 2668 784 2721 tenentur
809 2659 984 2740 baptizasi.
1002 2658 1163 2720 Secundus

203 2775 256 2826 est
285 2767 313 2827 si
343 2784 462 2827 omnes
489 2766 651 2845 baptizati
679 2765 858 2847 aequaliter
884 2766 1054 2844 recipiunt
1087 2761 1163 2826 effe·

203 2880 296 2933 ctum
314 2872 493 2952 Baptismi.

300 3066 519 3147 Quantum
541 3068 598 3131 nd
616 3067 827 3147 mimum,
855 3068 986 3129 scilicet
1012 3069 1042 3129 si
1066 3068 1167 3148 justi·

203 3171 293 3235 ficati
319 3182 478 3235 tenentur
500 3174 676 3255 baptizari,
701 3174 778 3236 dico
801 3175 893 3254 quod
917 3176 976 3245 sic.
1001 3175 1083 3255 quia
1105 3174 1165 3236 lex

203 3280 445 3342 universaliter
467 3280 688 3363 promulgata
711 3298 831 3343 omnes
854 3280 997 3363 obligat,
1022 3282 1087 3341 nisi
1104 3278 1168 3342 fiat
1287 3359 1288 3362 Ἴ

204 3388 239 3449 in
263 3406 304 3447 eo
328 3386 471 3467 alicujus
486 3406 642 3469 personae
658 3388 826 3467 exceptio,
843 3396 882 3449 ut
897 3387 1165 3449 notaturExtra.

204 3496 242 3553 de
265 3494 540 3561 constitutionibus,
568 3516 592 3555 c.
617 3514 771 3555 cononum
793 3500 934 3564 statuto:
956 3495 1016 3557 sed
1040 3494 1098 3555 lex
1121 3494 1167 3557 de

206 3599 387 3679 Baptismo
411 3609 464 3662 est
487 3602 727 3668 universaliter
742 3602 962 3684 promulgata
978 3602 1091 3663 suasit.
1108 3603 1167 3663 ult.

1276 4017 1287 4152 j
