2600 4200
221 221 238 276 a
436 209 510 276 Lm.
536 205 587 276 u*
613 211 917 276 sustentamur
1199 221 1210 244 ·

177 379 182 384 *
198 395 345 475 legimus
370 395 484 474 aliqua
502 393 722 455 Sacramenta
738 391 843 456 fuisse
860 415 881 454 a
897 394 971 455 Deo
988 394 1158 456 instituta.

197 536 200 541 ·
291 503 413 562 turrira.
441 501 663 582 Augustinus
685 508 791 560 contro
811 503 960 562 faustum
985 503 1067 562 dicit
1084 522 1162 562 scu·

197 609 382 670 tentialiter
399 609 489 688 quod
503 609 614 668 omnis
626 609 751 668 devota
767 609 890 689 religio
907 609 1025 670 habuit
1042 609 1160 688 aliqua

197 718 298 792 signa
322 717 515 776 extrinseca
539 715 580 776 ad
616 716 795 776 colendum
822 715 942 776 -Deum
958 738 972 786 ;-
997 716 1065 776 'sed
1098 716 1160 776 illa

197 825 298 902 signa
322 833 401 883 sunt
426 832 657 892 sacramenta;
683 841 788 903 ergo<

286 929 347 990 Ao
371 943 484 990 is'rau
511 927 776 1008 Qt'azsrroxuu
800 931 875 990 dico
900 940 1046 1008 quatuor
1071 929 1159 990 Con-

197 1037 376 1097 clusioues

285 1249 438 1312 Primii
466 1249 683 1312 Conclusio
707 1249 866 1328 estquod
883 1268 1073 1330 congruum
1091 1247 1159 1310 fuit

197 1357 334 1436 aliquod
360 1356 615 1416 Sacramentum
641 1358 784 1422 institui,
809 1367 880 1416 tum
905 1367 1045 1436 propter
1067 1359 1159 1417 exci-

197 1465 370 1532 tationem,
396 1475 467 1524 tum
493 1473 632 1542 propter
656 1463 897 1529 eruditionem·
917 1474 988 1523 tum
1017 1474 1158 1543 propter

198 1570 477 1636 humiliationem.
496 1580 566 1630 tum
597 1581 736 1650 propter
755 1571 1003 1631 discretionem.
1031 1569 1157 1630 Primae

197 1687 265 1738 tres
304 1680 538 1758 congruitates
568 1689 651 1738 sunt
688 1676 848 1757 Magistri
884 1681 915 1736 in
951 1679 1052 1743 litera,
1095 1678 1158 1737 sed

197 1795 317 1863 quarta
341 1786 540 1864 congruitas
564 1785 729 1862 accipitur
753 1785 795 1844 ab
820 1785 1021 1863 Augustino
1037 1793 1159 1844 contra

199 1891 382 1961 Faustunn
408 1909 596 1972 congruum
622 1900 674 1950 est
698 1892 787 1950 enim
813 1904 851 1951 ut
875 1891 922 1950 illi
941 1893 999 1969 qui
1017 1900 1098 1952 sunt
1113 1891 1159 1951 de

197 2019 264 2058 una
288 2008 380 2058 secta
403 1998 550 2057 habeant
574 1999 676 2076 signa
699 1998 896 2058 distinctiva
920 1998 961 2057 ab
981 1994 1066 2058 'aliis
1096 1999 1156 2076 qui

198 2116 276 2165 sunt
301 2106 342 2165 de
356 2106 421 2165 alia
439 2116 550 2175 secta;
577 2106 636 2165 sed
652 2106 727 2165 hacc
744 2106 846 2185 signa
861 2106 1059 2165 distinctiva
1076 2118 1158 2166 sunt

198 2212 436 2282 Sacramenta;
462 2230 537 2272 cum
563 2214 671 2292 igitur
705 2214 795 2272 omni
832 2224 984 2291 tempore
1019 2209 1158 2273 fuerunt

197 2318 314 2380 fideles
338 2320 379 2379 ab
404 2317 599 2379 infidelibus
622 2320 784 2387 distincti,
810 2320 901 2379 omni
926 2330 1079 2399 tempore
1102 2320 1159 2379 do

197 2428 342 2487 buerunt
367 2425 586 2487 Sacramenta
610 2444 685 2486 esse
709 2427 875 2487 instituta.

288 2639 474 2701 n'eoumtu
502 2638 718 2701 dou-olnam
741 2651 793 2699 est
817 2640 907 2720 quod
932 2658 952 2699 a
975 2638 1049 2699 solo
1081 2638 1157 2699 Deo

197 2756 310 2826 potest
335 2748 464 2807 institui
491 2744 748 2806 Sacramentum
774 2758 938 2825 quantum
963 2746 1005 2806 ad
1021 2748 1158 2807 certitu·

198 2854 310 2913 dinem
336 2855 436 2932 signi.
462 2852 567 2933 Cujus
591 2854 677 2913 ratio
701 2862 763 2922 est,
788 2855 869 2933 quia
895 2854 1011 2914 nullus
1041 2864 1158 2933 potest

197 2960 277 3019 dare
308 2960 543 3020 certitudinem
580 2962 682 3041 signo
716 2961 875 3039 practico,
917 2962 982 3022 nisi
1022 2960 1081 3021 ilie
1120 2963 1156 3021 iu

197 3068 293 3146 cujus
332 3076 499 3145 potestate
538 3077 589 3127 est
630 3069 768 3148 signare
809 3068 882 3127 sive
928 3084 1068 3128 causare
1113 3070 1159 3128 si·

198 3182 340 3253 gnatum
376 3174 468 3233 iliius
502 3170 640 3252 practici
678 3175 790 3254 signi:
824 3174 886 3234 sed
926 3174 1021 3235 solus
1059 3174 1158 3235 Deus

198 3289 248 3339 est
287 3282 321 3340 in
361 3280 457 3359 cujus
496 3287 664 3359 potestate
703 3290 754 3341 est
797 3299 937 3341 causare
980 3283 1157 3362 signatum

198 3387 418 3452 Sacramenti.
444 3395 527 3466 puta
552 3389 718 3467 gratiann
744 3408 827 3469 ergo
851 3388 946 3449 solus
973 3388 1068 3449 Deus
1096 3408 1160 3468 po-

197 3502 263 3553 test
289 3494 465 3553 instituere
489 3504 736 3555 sacramentum
761 3504 924 3574 quantum
950 3495 992 3555 ad
1016 3496 1159 3576 signum

198 3606 312 3657 cernon
339 3600 393 3659 rei
417 3601 639 3660 solitudinem.
667 3600 873 3681 inquantum
898 3611 1011 3662 tamen
1035 3614 1089 3663 est
1116 3608 1162 3665 si-
