<?xml version="1.0" encoding="UTF-8"?>
<!DOCTYPE html PUBLIC "-//W3C//DTD XHTML 1.0 Transitional//EN"
    "http://www.w3.org/TR/xhtml1/DTD/xhtml1-transitional.dtd">
<html xmlns="http://www.w3.org/1999/xhtml" xml:lang="en" lang="en">
 <head>
  <title>
</title>
<meta http-equiv="Content-Type" content="text/html;charset=utf-8" />
  <meta name='ocr-system' content='tesseract 3.04.00' />
  <meta name='ocr-capabilities' content='ocr_page ocr_carea ocr_par ocr_line ocrx_word'/>
</head>
<body>
  <div class='ocr_page' id='page_1' title='image "./commentariainli02scotgoog_0566.png"; bbox 0 0 2600 4200; ppageno 0'>
   <div class='ocr_carea' id='block_1_1' title="bbox 224 220 937 303">
    <p class='ocr_par' dir='ltr' id='par_1_1' title="bbox 224 220 937 303">
     <span class='ocr_line' id='line_1_1' title="bbox 224 220 937 303; baseline -0.003 -19"><span class='ocrx_word' id='word_1_1' title='bbox 224 226 285 284; x_wconf 88' lang='lat'>288</span> <span class='ocrx_word' id='word_1_2' title='bbox 453 221 528 303; x_wconf 70' lang='lat' dir='ltr'>Lna.</span> <span class='ocrx_word' id='word_1_3' title='bbox 555 220 606 282; x_wconf 87' lang='lat' dir='ltr'>IV</span> <span class='ocrx_word' id='word_1_4' title='bbox 631 220 937 284; x_wconf 76' lang='lat' dir='ltr'>Saureurmauu</span> 
     </span>
    </p>
   </div>
   <div class='ocr_carea' id='block_1_2' title="bbox 198 451 1164 2219">
    <p class='ocr_par' dir='ltr' id='par_1_2' title="bbox 198 451 1164 2219">
     <span class='ocr_line' id='line_1_2' title="bbox 291 451 1156 532; baseline -0.006 -16"><span class='ocrx_word' id='word_1_5' title='bbox 291 452 479 516; x_wconf 62' lang='lat' dir='ltr'>&amp;cotanda</span> <span class='ocrx_word' id='word_1_6' title='bbox 506 451 724 516; x_wconf 66' lang='lat' dir='ltr'>Conclusio</span> <span class='ocrx_word' id='word_1_7' title='bbox 748 451 790 512; x_wconf 94' lang='lat' dir='ltr'>ad</span> <span class='ocrx_word' id='word_1_8' title='bbox 813 470 968 531; x_wconf 87' lang='lat' dir='ltr'>praesens</span> <span class='ocrx_word' id='word_1_9' title='bbox 996 453 1156 532; x_wconf 88' lang='lat' dir='ltr'>probatur</span> 
     </span>
     <span class='ocr_line' id='line_1_3' title="bbox 200 558 1154 640; baseline -0.002 -20"><span class='ocrx_word' id='word_1_10' title='bbox 200 561 249 621; x_wconf 90' lang='lat' dir='ltr'>sic</span> <span class='ocrx_word' id='word_1_11' title='bbox 274 559 399 639; x_wconf 90' lang='lat' dir='ltr'>triplici</span> <span class='ocrx_word' id='word_1_12' title='bbox 424 559 660 640; x_wconf 80' lang='lat' dir='ltr'>congruentia,</span> <span class='ocrx_word' id='word_1_13' title='bbox 686 558 817 619; x_wconf 88' lang='lat' dir='ltr'>scilicet</span> <span class='ocrx_word' id='word_1_14' title='bbox 839 568 980 639; x_wconf 90' lang='lat' dir='ltr'>propter</span> <span class='ocrx_word' id='word_1_15' title='bbox 1008 561 1154 639; x_wconf 90' lang='lat' dir='ltr'>signum,</span> 
     </span>
     <span class='ocr_line' id='line_1_4' title="bbox 198 663 1155 747; baseline -0.002 -21"><span class='ocrx_word' id='word_1_16' title='bbox 198 675 339 747; x_wconf 87' lang='lat' dir='ltr'>propter</span> <span class='ocrx_word' id='word_1_17' title='bbox 377 663 527 726; x_wconf 83' lang='lat' dir='ltr'>infamiae</span> <span class='ocrx_word' id='word_1_18' title='bbox 563 666 773 735; x_wconf 82' lang='lat' dir='ltr'>vitationem,</span> <span class='ocrx_word' id='word_1_19' title='bbox 809 675 843 726; x_wconf 89' lang='lat' dir='ltr'>et</span> <span class='ocrx_word' id='word_1_20' title='bbox 877 675 1017 745; x_wconf 87' lang='lat' dir='ltr'>propter</span> <span class='ocrx_word' id='word_1_21' title='bbox 1050 666 1155 726; x_wconf 86' lang='lat' dir='ltr'>divini</span> 
     </span>
     <span class='ocr_line' id='line_1_5' title="bbox 198 771 1156 852; baseline -0.002 -18"><span class='ocrx_word' id='word_1_22' title='bbox 198 771 333 834; x_wconf 87' lang='lat' dir='ltr'>consilii</span> <span class='ocrx_word' id='word_1_23' title='bbox 369 772 641 834; x_wconf 82' lang='lat' dir='ltr'>occultationem.</span> <span class='ocrx_word' id='word_1_24' title='bbox 678 771 823 852; x_wconf 85' lang='lat' dir='ltr'>Propter</span> <span class='ocrx_word' id='word_1_25' title='bbox 855 774 983 849; x_wconf 78' lang='lat' dir='ltr'>signam</span> <span class='ocrx_word' id='word_1_26' title='bbox 1021 772 1156 851; x_wconf 89' lang='lat' dir='ltr'>quidem</span> 
     </span>
     <span class='ocr_line' id='line_1_6' title="bbox 199 877 1157 959; baseline -0.001 -19"><span class='ocrx_word' id='word_1_27' title='bbox 199 881 282 958; x_wconf 92' lang='lat' dir='ltr'>quia</span> <span class='ocrx_word' id='word_1_28' title='bbox 304 877 461 940; x_wconf 85' lang='lat' dir='ltr'>Ecclesia</span> <span class='ocrx_word' id='word_1_29' title='bbox 483 878 600 939; x_wconf 88' lang='lat' dir='ltr'>debuit</span> <span class='ocrx_word' id='word_1_30' title='bbox 624 898 686 958; x_wconf 91' lang='lat' dir='ltr'>per</span> <span class='ocrx_word' id='word_1_31' title='bbox 706 878 855 958; x_wconf 85' lang='lat' dir='ltr'>aliquam</span> <span class='ocrx_word' id='word_1_32' title='bbox 873 877 1074 959; x_wconf 87' lang='lat' dir='ltr'>significari;</span> <span class='ocrx_word' id='word_1_33' title='bbox 1098 878 1157 939; x_wconf 87' lang='lat' dir='ltr'>sed</span> 
     </span>
     <span class='ocr_line' id='line_1_7' title="bbox 199 983 1157 1066; baseline -0.001 -19"><span class='ocrx_word' id='word_1_34' title='bbox 199 985 296 1047; x_wconf 92' lang='lat' dir='ltr'>nulla</span> <span class='ocrx_word' id='word_1_35' title='bbox 318 992 371 1046; x_wconf 90' lang='lat' dir='ltr'>est</span> <span class='ocrx_word' id='word_1_36' title='bbox 393 986 618 1065; x_wconf 89' lang='lat' dir='ltr'>propinquior</span> <span class='ocrx_word' id='word_1_37' title='bbox 653 985 697 1046; x_wconf 90' lang='lat' dir='ltr'>ad</span> <span class='ocrx_word' id='word_1_38' title='bbox 731 986 949 1066; x_wconf 78' lang='lat' dir='ltr'>signandam·</span> <span class='ocrx_word' id='word_1_39' title='bbox 969 983 1157 1046; x_wconf 87' lang='lat' dir='ltr'>Ecclesiam</span> 
     </span>
     <span class='ocr_line' id='line_1_8' title="bbox 200 1089 1159 1172; baseline -0.001 -20"><span class='ocrx_word' id='word_1_40' title='bbox 200 1111 302 1172; x_wconf 88' lang='lat' dir='ltr'>quam</span> <span class='ocrx_word' id='word_1_41' title='bbox 326 1100 436 1152; x_wconf 89' lang='lat' dir='ltr'>mater</span> <span class='ocrx_word' id='word_1_42' title='bbox 458 1089 596 1160; x_wconf 87' lang='lat' dir='ltr'>Christi,</span> <span class='ocrx_word' id='word_1_43' title='bbox 621 1093 704 1172; x_wconf 93' lang='lat' dir='ltr'>quia</span> <span class='ocrx_word' id='word_1_44' title='bbox 726 1091 882 1153; x_wconf 87' lang='lat' dir='ltr'>Ecclesia</span> <span class='ocrx_word' id='word_1_45' title='bbox 905 1101 958 1154; x_wconf 87' lang='lat' dir='ltr'>est</span> <span class='ocrx_word' id='word_1_46' title='bbox 970 1093 1081 1172; x_wconf 90' lang='lat' dir='ltr'>virg0,</span> <span class='ocrx_word' id='word_1_47' title='bbox 1094 1111 1159 1152; x_wconf 90' lang='lat' dir='ltr'>ma-</span> 
     </span>
     <span class='ocr_line' id='line_1_9' title="bbox 199 1196 1159 1278; baseline -0.002 -18"><span class='ocrx_word' id='word_1_48' title='bbox 199 1207 252 1260; x_wconf 87' lang='lat' dir='ltr'>ter</span> <span class='ocrx_word' id='word_1_49' title='bbox 274 1208 308 1259; x_wconf 89' lang='lat' dir='ltr'>et</span> <span class='ocrx_word' id='word_1_50' title='bbox 333 1217 479 1278; x_wconf 91' lang='lat' dir='ltr'>sponsa;</span> <span class='ocrx_word' id='word_1_51' title='bbox 506 1217 590 1278; x_wconf 91' lang='lat' dir='ltr'>ergo</span> <span class='ocrx_word' id='word_1_52' title='bbox 613 1198 729 1260; x_wconf 86' lang='lat' dir='ltr'>decuit</span> <span class='ocrx_word' id='word_1_53' title='bbox 755 1207 898 1259; x_wconf 87' lang='lat' dir='ltr'>matrem</span> <span class='ocrx_word' id='word_1_54' title='bbox 923 1196 1049 1263; x_wconf 87' lang='lat' dir='ltr'>Christi</span> <span class='ocrx_word' id='word_1_55' title='bbox 1084 1217 1159 1258; x_wconf 84' lang='lat' dir='ltr'>esse</span> 
     </span>
     <span class='ocr_line' id='line_1_10' title="bbox 199 1304 1154 1386; baseline -0.002 -20"><span class='ocrx_word' id='word_1_56' title='bbox 199 1307 371 1386; x_wconf 87' lang='lat' dir='ltr'>virginem</span> <span class='ocrx_word' id='word_1_57' title='bbox 389 1314 424 1365; x_wconf 88' lang='lat' dir='ltr'>et</span> <span class='ocrx_word' id='word_1_58' title='bbox 435 1323 606 1383; x_wconf 86' lang='lat' dir='ltr'>sponsam.</span> <span class='ocrx_word' id='word_1_59' title='bbox 625 1305 771 1384; x_wconf 90' lang='lat' dir='ltr'>Propter</span> <span class='ocrx_word' id='word_1_60' title='bbox 796 1304 940 1380; x_wconf 79' lang='lat' dir='ltr'>infamia</span> <span class='ocrx_word' id='word_1_61' title='bbox 966 1307 1154 1372; x_wconf 79' lang='lat' dir='ltr'>vr‘tataancm,</span> 
     </span>
     <span class='ocr_line' id='line_1_11' title="bbox 200 1409 1159 1492; baseline 0 -21"><span class='ocrx_word' id='word_1_62' title='bbox 200 1413 291 1492; x_wconf 93' lang='lat' dir='ltr'>quia,</span> <span class='ocrx_word' id='word_1_63' title='bbox 316 1421 354 1471; x_wconf 90' lang='lat' dir='ltr'>ut</span> <span class='ocrx_word' id='word_1_64' title='bbox 378 1413 424 1471; x_wconf 90' lang='lat' dir='ltr'>ait</span> <span class='ocrx_word' id='word_1_65' title='bbox 441 1410 660 1481; x_wconf 88' lang='lat' dir='ltr'>Ambrosius,</span> <span class='ocrx_word' id='word_1_66' title='bbox 678 1412 807 1473; x_wconf 87' lang='lat' dir='ltr'>sciebat</span> <span class='ocrx_word' id='word_1_67' title='bbox 823 1409 993 1473; x_wconf 90' lang='lat' dir='ltr'>Dominus</span> <span class='ocrx_word' id='word_1_68' title='bbox 1008 1421 1159 1472; x_wconf 87' lang='lat' dir='ltr'>teneram</span> 
     </span>
     <span class='ocr_line' id='line_1_12' title="bbox 200 1515 1160 1598; baseline 0.001 -21"><span class='ocrx_word' id='word_1_69' title='bbox 200 1536 276 1578; x_wconf 89' lang='lat' dir='ltr'>esse</span> <span class='ocrx_word' id='word_1_70' title='bbox 301 1515 459 1598; x_wconf 88' lang='lat' dir='ltr'>Virginis</span> <span class='ocrx_word' id='word_1_71' title='bbox 494 1519 734 1580; x_wconf 89' lang='lat' dir='ltr'>verecundiam</span> <span class='ocrx_word' id='word_1_72' title='bbox 769 1528 804 1579; x_wconf 92' lang='lat' dir='ltr'>et</span> <span class='ocrx_word' id='word_1_73' title='bbox 837 1517 1001 1580; x_wconf 88' lang='lat' dir='ltr'>lubricam</span> <span class='ocrx_word' id='word_1_74' title='bbox 1035 1515 1160 1578; x_wconf 80' lang='lat' dir='ltr'>lamam</span> 
     </span>
     <span class='ocr_line' id='line_1_13' title="bbox 199 1624 1161 1705; baseline 0.002 -21"><span class='ocrx_word' id='word_1_75' title='bbox 199 1625 352 1704; x_wconf 90' lang='lat' dir='ltr'>pudoris,</span> <span class='ocrx_word' id='word_1_76' title='bbox 377 1625 454 1686; x_wconf 91' lang='lat' dir='ltr'>ideo</span> <span class='ocrx_word' id='word_1_77' title='bbox 478 1624 598 1685; x_wconf 91' lang='lat' dir='ltr'>maluit</span> <span class='ocrx_word' id='word_1_78' title='bbox 622 1625 709 1686; x_wconf 89' lang='lat' dir='ltr'>alios</span> <span class='ocrx_word' id='word_1_79' title='bbox 732 1625 775 1686; x_wconf 89' lang='lat' dir='ltr'>de</span> <span class='ocrx_word' id='word_1_80' title='bbox 798 1644 861 1686; x_wconf 93' lang='lat' dir='ltr'>suo</span> <span class='ocrx_word' id='word_1_81' title='bbox 889 1634 966 1686; x_wconf 91' lang='lat' dir='ltr'>ortu</span> <span class='ocrx_word' id='word_1_82' title='bbox 982 1644 1085 1705; x_wconf 90' lang='lat' dir='ltr'>quarn</span> <span class='ocrx_word' id='word_1_83' title='bbox 1119 1625 1161 1686; x_wconf 89' lang='lat' dir='ltr'>de</span> 
     </span>
     <span class='ocr_line' id='line_1_14' title="bbox 200 1731 1164 1811; baseline -0.002 -20"><span class='ocrx_word' id='word_1_84' title='bbox 200 1731 321 1792; x_wconf 90' lang='lat' dir='ltr'>matris</span> <span class='ocrx_word' id='word_1_85' title='bbox 352 1733 482 1810; x_wconf 91' lang='lat' dir='ltr'>pudore</span> <span class='ocrx_word' id='word_1_86' title='bbox 516 1731 681 1792; x_wconf 89' lang='lat' dir='ltr'>dubitare.</span> <span class='ocrx_word' id='word_1_87' title='bbox 718 1731 864 1811; x_wconf 89' lang='lat' dir='ltr'>Propter</span> <span class='ocrx_word' id='word_1_88' title='bbox 896 1732 1005 1793; x_wconf 90' lang='lat' dir='ltr'>divini</span> <span class='ocrx_word' id='word_1_89' title='bbox 1039 1733 1164 1791; x_wconf 84' lang='lat' dir='ltr'>consilii</span> 
     </span>
     <span class='ocr_line' id='line_1_15' title="bbox 200 1836 1162 1918; baseline 0.001 -21"><span class='ocrx_word' id='word_1_90' title='bbox 200 1839 439 1905; x_wconf 79' lang='lat' dir='ltr'>occultationem,</span> <span class='ocrx_word' id='word_1_91' title='bbox 468 1838 557 1898; x_wconf 90' lang='lat' dir='ltr'>unde</span> <span class='ocrx_word' id='word_1_92' title='bbox 581 1837 826 1918; x_wconf 85' lang='lat' dir='ltr'>Augustinus:</span> <span class='ocrx_word' id='word_1_93' title='bbox 851 1857 931 1918; x_wconf 85' lang='lat' dir='ltr'>quae</span> <span class='ocrx_word' id='word_1_94' title='bbox 953 1836 1019 1899; x_wconf 86' lang='lat' dir='ltr'>fuit</span> <span class='ocrx_word' id='word_1_95' title='bbox 1050 1857 1162 1899; x_wconf 88' lang='lat' dir='ltr'>neces·</span> 
     </span>
     <span class='ocr_line' id='line_1_16' title="bbox 200 1943 1163 2024; baseline 0.001 -21"><span class='ocrx_word' id='word_1_96' title='bbox 200 1943 284 2005; x_wconf 88' lang='lat' dir='ltr'>sitas</span> <span class='ocrx_word' id='word_1_97' title='bbox 308 1953 345 2004; x_wconf 92' lang='lat' dir='ltr'>ut</span> <span class='ocrx_word' id='word_1_98' title='bbox 369 1944 576 2024; x_wconf 86' lang='lat' dir='ltr'>desponsata</span> <span class='ocrx_word' id='word_1_99' title='bbox 591 1953 682 2004; x_wconf 85' lang='lat' dir='ltr'>esset</span> <span class='ocrx_word' id='word_1_100' title='bbox 694 1943 807 2024; x_wconf 89' lang='lat' dir='ltr'>Virgo</span> <span class='ocrx_word' id='word_1_101' title='bbox 830 1943 958 2024; x_wconf 91' lang='lat' dir='ltr'>Joseph</span> <span class='ocrx_word' id='word_1_102' title='bbox 982 1945 1048 2005; x_wconf 93' lang='lat' dir='ltr'>nisi</span> <span class='ocrx_word' id='word_1_103' title='bbox 1061 1963 1163 2024; x_wconf 82' lang='lat' dir='ltr'>prop</span> 
     </span>
     <span class='ocr_line' id='line_1_17' title="bbox 201 2050 1163 2131; baseline -0.001 -18"><span class='ocrx_word' id='word_1_104' title='bbox 201 2059 296 2113; x_wconf 88' lang='lat' dir='ltr'>terea</span> <span class='ocrx_word' id='word_1_105' title='bbox 318 2059 487 2131; x_wconf 88' lang='lat' dir='ltr'>quatenus</span> <span class='ocrx_word' id='word_1_106' title='bbox 521 2050 585 2113; x_wconf 90' lang='lat' dir='ltr'>hoc</span> <span class='ocrx_word' id='word_1_107' title='bbox 620 2060 871 2115; x_wconf 87' lang='lat' dir='ltr'>sacramentum</span> <span class='ocrx_word' id='word_1_108' title='bbox 907 2051 1044 2113; x_wconf 91' lang='lat' dir='ltr'>diabolo</span> <span class='ocrx_word' id='word_1_109' title='bbox 1077 2051 1163 2113; x_wconf 88' lang='lat' dir='ltr'>cela·</span> 
     </span>
     <span class='ocr_line' id='line_1_18' title="bbox 200 2167 303 2219; baseline 0.019 -2"><span class='ocrx_word' id='word_1_110' title='bbox 200 2167 303 2219; x_wconf 87' lang='lat' dir='ltr'>retur.</span> 
     </span>
    </p>
   </div>
   <div class='ocr_carea' id='block_1_3' title="bbox 142 2301 1164 3677">
    <p class='ocr_par' dir='ltr' id='par_1_3' title="bbox 201 2301 1163 3039">
     <span class='ocr_line' id='line_1_19' title="bbox 293 2301 1162 2398; baseline 0 -18"><span class='ocrx_word' id='word_1_111' title='bbox 293 2316 435 2380; x_wconf 68' lang='lat' dir='ltr'>Parata</span> <span class='ocrx_word' id='word_1_112' title='bbox 462 2316 692 2394; x_wconf 66' lang='lat' dir='ltr'>Conclusae,</span> <span class='ocrx_word' id='word_1_113' title='bbox 715 2319 863 2398; x_wconf 90' lang='lat' dir='ltr'>qualiter</span> <span class='ocrx_word' id='word_1_114' title='bbox 893 2327 962 2381; x_wconf 89' lang='lat' dir='ltr'>stat</span> <span class='ocrx_word' id='word_1_115' title='bbox 996 2301 1108 2381; x_wconf 88' lang='lat' dir='ltr'>simul</span> <span class='ocrx_word' id='word_1_116' title='bbox 1125 2320 1162 2380; x_wconf 93' lang='lat' dir='ltr'>in</span> 
     </span>
     <span class='ocr_line' id='line_1_20' title="bbox 201 2425 1162 2506; baseline 0.001 -22"><span class='ocrx_word' id='word_1_117' title='bbox 201 2425 339 2505; x_wconf 91' lang='lat' dir='ltr'>virgine</span> <span class='ocrx_word' id='word_1_118' title='bbox 355 2434 473 2485; x_wconf 87' lang='lat' dir='ltr'>votum</span> <span class='ocrx_word' id='word_1_119' title='bbox 491 2425 703 2506; x_wconf 89' lang='lat' dir='ltr'>virginitatis</span> <span class='ocrx_word' id='word_1_120' title='bbox 715 2435 750 2486; x_wconf 87' lang='lat' dir='ltr'>et</span> <span class='ocrx_word' id='word_1_121' title='bbox 764 2444 883 2488; x_wconf 88' lang='lat' dir='ltr'>verum</span> <span class='ocrx_word' id='word_1_122' title='bbox 896 2426 1162 2494; x_wconf 87' lang='lat' dir='ltr'>matrimonium,</span> 
     </span>
     <span class='ocr_line' id='line_1_21' title="bbox 201 2529 1162 2611; baseline 0.001 -20"><span class='ocrx_word' id='word_1_123' title='bbox 201 2531 384 2610; x_wconf 90' lang='lat' dir='ltr'>dupliciter</span> <span class='ocrx_word' id='word_1_124' title='bbox 417 2530 617 2592; x_wconf 88' lang='lat' dir='ltr'>declaratur.</span> <span class='ocrx_word' id='word_1_125' title='bbox 643 2529 735 2611; x_wconf 83' lang='lat' dir='ltr'>Quia</span> <span class='ocrx_word' id='word_1_126' title='bbox 768 2534 857 2593; x_wconf 89' lang='lat' dir='ltr'>enim</span> <span class='ocrx_word' id='word_1_127' title='bbox 893 2534 982 2594; x_wconf 89' lang='lat' dir='ltr'>inter</span> <span class='ocrx_word' id='word_1_128' title='bbox 1015 2531 1162 2593; x_wconf 89' lang='lat' dir='ltr'>Mariam</span> 
     </span>
     <span class='ocr_line' id='line_1_22' title="bbox 201 2635 1163 2717; baseline 0.003 -20"><span class='ocrx_word' id='word_1_129' title='bbox 201 2646 236 2699; x_wconf 88' lang='lat' dir='ltr'>ct</span> <span class='ocrx_word' id='word_1_130' title='bbox 257 2636 385 2717; x_wconf 92' lang='lat' dir='ltr'>Joseph</span> <span class='ocrx_word' id='word_1_131' title='bbox 409 2635 511 2698; x_wconf 84' lang='lat' dir='ltr'>luerit</span> <span class='ocrx_word' id='word_1_132' title='bbox 533 2656 653 2698; x_wconf 89' lang='lat' dir='ltr'>verum</span> <span class='ocrx_word' id='word_1_133' title='bbox 678 2640 932 2701; x_wconf 91' lang='lat' dir='ltr'>matrimonium</span> <span class='ocrx_word' id='word_1_134' title='bbox 956 2640 1021 2701; x_wconf 92' lang='lat' dir='ltr'>hoc</span> <span class='ocrx_word' id='word_1_135' title='bbox 1044 2640 1163 2700; x_wconf 89' lang='lat' dir='ltr'>dieunt</span> 
     </span>
     <span class='ocr_line' id='line_1_23' title="bbox 201 2743 1163 2827; baseline 0.001 -23"><span class='ocrx_word' id='word_1_136' title='bbox 201 2743 320 2805; x_wconf 85' lang='lat' dir='ltr'>multae</span> <span class='ocrx_word' id='word_1_137' title='bbox 333 2744 553 2805; x_wconf 88' lang='lat' dir='ltr'>auctoritates</span> <span class='ocrx_word' id='word_1_138' title='bbox 569 2754 764 2806; x_wconf 91' lang='lat' dir='ltr'>sanctorum</span> <span class='ocrx_word' id='word_1_139' title='bbox 781 2765 868 2826; x_wconf 88' lang='lat' dir='ltr'>quas</span> <span class='ocrx_word' id='word_1_140' title='bbox 883 2746 981 2825; x_wconf 90' lang='lat' dir='ltr'>ponit</span> <span class='ocrx_word' id='word_1_141' title='bbox 993 2744 1163 2827; x_wconf 87' lang='lat' dir='ltr'>Magister</span> 
     </span>
     <span class='ocr_line' id='line_1_24' title="bbox 203 2850 1163 2932; baseline 0.004 -24"><span class='ocrx_word' id='word_1_142' title='bbox 203 2852 237 2909; x_wconf 84' lang='lat' dir='ltr'>in</span> <span class='ocrx_word' id='word_1_143' title='bbox 260 2852 361 2919; x_wconf 78' lang='lat' dir='ltr'>litera,</span> <span class='ocrx_word' id='word_1_144' title='bbox 392 2850 467 2911; x_wconf 91' lang='lat' dir='ltr'>ideo</span> <span class='ocrx_word' id='word_1_145' title='bbox 490 2852 555 2913; x_wconf 91' lang='lat' dir='ltr'>hoc</span> <span class='ocrx_word' id='word_1_146' title='bbox 590 2870 659 2913; x_wconf 94' lang='lat' dir='ltr'>non</span> <span class='ocrx_word' id='word_1_147' title='bbox 693 2862 746 2914; x_wconf 90' lang='lat' dir='ltr'>est</span> <span class='ocrx_word' id='word_1_148' title='bbox 769 2853 993 2932; x_wconf 90' lang='lat' dir='ltr'>probandum,</span> <span class='ocrx_word' id='word_1_149' title='bbox 1018 2852 1078 2913; x_wconf 87' lang='lat' dir='ltr'>sed</span> <span class='ocrx_word' id='word_1_150' title='bbox 1112 2870 1163 2912; x_wconf 90' lang='lat' dir='ltr'>as·</span> 
     </span>
     <span class='ocr_line' id='line_1_25' title="bbox 201 2957 1163 3039; baseline 0.001 -22"><span class='ocrx_word' id='word_1_151' title='bbox 201 2966 376 3036; x_wconf 91' lang='lat' dir='ltr'>sumptum</span> <span class='ocrx_word' id='word_1_152' title='bbox 401 2967 454 3018; x_wconf 91' lang='lat' dir='ltr'>est</span> <span class='ocrx_word' id='word_1_153' title='bbox 470 2957 721 3027; x_wconf 89' lang='lat' dir='ltr'>declarandum,</span> <span class='ocrx_word' id='word_1_154' title='bbox 739 2959 870 3021; x_wconf 88' lang='lat' dir='ltr'>scilicet</span> <span class='ocrx_word' id='word_1_155' title='bbox 885 2960 1059 3039; x_wconf 91' lang='lat' dir='ltr'>quomodo</span> <span class='ocrx_word' id='word_1_156' title='bbox 1074 2960 1163 3021; x_wconf 85' lang='lat' dir='ltr'>inter</span> 
     </span>
    </p>

    <p class='ocr_par' dir='ltr' id='par_1_4' title="bbox 142 3063 1164 3677">
     <span class='ocr_line' id='line_1_26' title="bbox 202 3063 1161 3146; baseline 0 -21"><span class='ocrx_word' id='word_1_157' title='bbox 202 3082 363 3125; x_wconf 89' lang='lat' dir='ltr'>eoscum</span> <span class='ocrx_word' id='word_1_158' title='bbox 387 3066 587 3146; x_wconf 90' lang='lat' dir='ltr'>virginitate</span> <span class='ocrx_word' id='word_1_159' title='bbox 611 3064 735 3126; x_wconf 91' lang='lat' dir='ltr'>Matris</span> <span class='ocrx_word' id='word_1_160' title='bbox 758 3064 885 3127; x_wconf 89' lang='lat' dir='ltr'>Christi</span> <span class='ocrx_word' id='word_1_161' title='bbox 916 3063 1019 3128; x_wconf 87' lang='lat' dir='ltr'>fuerit</span> <span class='ocrx_word' id='word_1_162' title='bbox 1041 3083 1161 3126; x_wconf 88' lang='lat' dir='ltr'>verum</span> 
     </span>
     <span class='ocr_line' id='line_1_27' title="bbox 142 3146 1164 3250; baseline 0.003 -19"><span class='ocrx_word' id='word_1_163' title='bbox 142 3146 148 3168; x_wconf 62' lang='lat'>⁸</span> <span class='ocrx_word' id='word_1_164' title='bbox 201 3172 467 3231; x_wconf 84' lang='lat' dir='ltr'>matrimonium.</span> <span class='ocrx_word' id='word_1_165' title='bbox 501 3171 568 3231; x_wconf 90' lang='lat' dir='ltr'>Hac</span> <span class='ocrx_word' id='word_1_166' title='bbox 602 3171 781 3231; x_wconf 79' lang='lat' dir='ltr'>declaratur</span> <span class='ocrx_word' id='word_1_167' title='bbox 808 3176 916 3250; x_wconf 77' lang='lat' dir='ltr'>prima</span> <span class='ocrx_word' id='word_1_168' title='bbox 949 3174 1019 3234; x_wconf 88' lang='lat' dir='ltr'>sic:</span> <span class='ocrx_word' id='word_1_169' title='bbox 1055 3172 1164 3233; x_wconf 87' lang='lat' dir='ltr'>Beata</span> 
     </span>
     <span class='ocr_line' id='line_1_28' title="bbox 202 3277 1163 3359; baseline 0.002 -21"><span class='ocrx_word' id='word_1_170' title='bbox 202 3277 316 3358; x_wconf 89' lang='lat' dir='ltr'>Virgo</span> <span class='ocrx_word' id='word_1_171' title='bbox 340 3286 483 3339; x_wconf 88' lang='lat' dir='ltr'>voverat</span> <span class='ocrx_word' id='word_1_172' title='bbox 507 3278 742 3359; x_wconf 89' lang='lat' dir='ltr'>virginitatem</span> <span class='ocrx_word' id='word_1_173' title='bbox 766 3280 830 3340; x_wconf 90' lang='lat' dir='ltr'>sub</span> <span class='ocrx_word' id='word_1_174' title='bbox 856 3279 1052 3341; x_wconf 87' lang='lat' dir='ltr'>conditione</span> <span class='ocrx_word' id='word_1_175' title='bbox 1075 3279 1163 3340; x_wconf 88' lang='lat' dir='ltr'>scili·</span> 
     </span>
     <span class='ocr_line' id='line_1_29' title="bbox 202 3382 1163 3466; baseline 0.001 -20"><span class='ocrx_word' id='word_1_176' title='bbox 202 3394 257 3446; x_wconf 88' lang='lat' dir='ltr'>cet</span> <span class='ocrx_word' id='word_1_177' title='bbox 281 3383 346 3446; x_wconf 92' lang='lat' dir='ltr'>nisi</span> <span class='ocrx_word' id='word_1_178' title='bbox 381 3382 477 3445; x_wconf 89' lang='lat' dir='ltr'>Deus</span> <span class='ocrx_word' id='word_1_179' title='bbox 511 3384 609 3445; x_wconf 86' lang='lat' dir='ltr'>aliter</span> <span class='ocrx_word' id='word_1_180' title='bbox 644 3386 749 3447; x_wconf 89' lang='lat' dir='ltr'>vellet</span> <span class='ocrx_word' id='word_1_181' title='bbox 782 3396 816 3447; x_wconf 86' lang='lat' dir='ltr'>et</span> <span class='ocrx_word' id='word_1_182' title='bbox 850 3386 1066 3466; x_wconf 90' lang='lat' dir='ltr'>disponeret;</span> <span class='ocrx_word' id='word_1_183' title='bbox 1101 3386 1163 3447; x_wconf 87' lang='lat' dir='ltr'>sed</span> 
     </span>
     <span class='ocr_line' id='line_1_30' title="bbox 202 3491 1161 3565; baseline 0.001 -12"><span class='ocrx_word' id='word_1_184' title='bbox 202 3510 280 3553; x_wconf 92' lang='lat' dir='ltr'>cum</span> <span class='ocrx_word' id='word_1_185' title='bbox 315 3500 398 3552; x_wconf 83' lang='lat' dir='ltr'>voto</span> <span class='ocrx_word' id='word_1_186' title='bbox 433 3492 482 3551; x_wconf 89' lang='lat' dir='ltr'>sie</span> <span class='ocrx_word' id='word_1_187' title='bbox 517 3491 750 3553; x_wconf 84' lang='lat' dir='ltr'>conditionata</span> <span class='ocrx_word' id='word_1_188' title='bbox 784 3502 853 3553; x_wconf 90' lang='lat' dir='ltr'>stat</span> <span class='ocrx_word' id='word_1_189' title='bbox 886 3494 1161 3565; x_wconf 90' lang='lat' dir='ltr'>matrimonium;</span> 
     </span>
     <span class='ocr_line' id='line_1_31' title="bbox 202 3608 384 3677; baseline -0.011 -18"><span class='ocrx_word' id='word_1_190' title='bbox 202 3616 297 3677; x_wconf 89' lang='lat' dir='ltr'>ergo,</span> <span class='ocrx_word' id='word_1_191' title='bbox 323 3608 384 3657; x_wconf 91' lang='lat' dir='ltr'>etc.</span> 
     </span>
    </p>
   </div>
   <div class='ocr_carea' id='block_1_4' title="bbox 0 0 1313 4200">
    <p class='ocr_par' dir='ltr' id='par_1_5' title="bbox 0 0 1313 4200">
     <span class='ocr_line' id='line_1_32' title="bbox 0 0 1313 4200; baseline 0 0"><span class='ocrx_word' id='word_1_192' title='bbox 0 0 1313 4200; x_wconf 95' lang='lat' dir='ltr'> </span> 
     </span>
    </p>
   </div>
  </div>
 </body>
</html>
