2600 4200
232 257 294 315 290
456 237 531 298 ΜΒ.
557 237 608 299 IV
633 236 942 301 SENTENTIARUM

206 415 282 476 dico
306 415 397 494 quod
421 415 522 478 debet
545 417 693 499 intelligi
722 419 788 479 ista
821 421 1009 480 auctoritas
1043 420 1086 481 de
1110 438 1170 479 vo-

206 521 355 582 lentibus
379 522 505 584 nubere
529 524 716 585 secundum
740 543 955 586 communem
982 526 1098 607 legem
1122 525 1168 585 ad

206 647 350 708 quorum
375 629 464 690 velle
489 630 615 691 nubere
639 633 794 711 sequitur
820 641 926 694 actus.

549 875 733 957 QuAEsno
757 879 819 940 ΙΙΙ.
888 906 891 909 -

315 1019 371 1078 Ad
391 1022 515 1080 tertiam
542 1019 752 1094 Quaestionem
774 1024 818 1081 sic
835 1022 1042 1099 proceditur:

293 1157 441 1221 Videtur
463 1160 554 1241 quod
578 1181 646 1222 non
672 1164 741 1224 sint
765 1164 831 1224 ista
853 1163 918 1223 tria
941 1163 1033 1223 bona
1048 1163 1162 1224 matri·

204 1268 309 1327 monii
333 1285 411 1346 quae
434 1269 532 1347 ponit
555 1266 726 1350 Magister
748 1271 783 1329 in
795 1270 896 1337 litera,
918 1270 1048 1331 scilicet
1065 1267 1159 1339 fides,

203 1373 318 1454 proles
334 1383 367 1434 et
394 1384 654 1435 sacramentum.
681 1373 784 1456 Quod
808 1395 875 1436 non
900 1388 1161 1444 sacramentum,

204 1482 285 1559 quia
310 1491 559 1542 sacramentum
596 1481 783 1544 secundum
815 1501 852 1544 se
886 1491 939 1544 est
972 1481 1163 1544 formaliter

203 1586 351 1658 bonum;
376 1607 460 1670 ergo
489 1607 556 1649 non
581 1598 633 1650 est
657 1589 734 1651 aliis
765 1590 865 1650 bonis
898 1590 1036 1650 bonum.
1063 1587 1162 1654 Simi-

204 1694 282 1756 liter
304 1715 372 1756 non
407 1706 460 1758 est
494 1698 539 1758 ibi
574 1697 703 1758 bonum
737 1695 826 1766 fidei,
851 1698 932 1776 quia
955 1698 1043 1758 inter
1067 1697 1162 1758 adul·

203 1811 313 1862 terum
338 1812 372 1863 et
406 1803 594 1864 adulteram
629 1813 683 1864 est
706 1822 824 1864 verum
844 1805 1110 1873 matrimonium,
1126 1813 1163 1864 et

203 1917 316 1969 tamen
341 1928 409 1969 non
433 1919 486 1970 est
510 1910 555 1970 ibi
579 1910 707 1970 bonurn
731 1907 819 1970 fidei.
846 1907 1012 1972 Similiter
1024 1928 1093 1970 non
1110 1920 1163 1971 est

204 2014 250 2076 ibi
274 2015 401 2076 bonum
425 2015 542 2096 prolis,
567 2018 648 2095 quia
672 2017 760 2076 inter
797 2015 932 2077 steriles
965 2026 1019 2077 est
1041 2035 1161 2077 verum

203 2124 467 2193 matrimonium,
493 2132 527 2183 et
550 2134 664 2184 tamen
681 2143 749 2183 non
766 2134 818 2184 est
835 2124 881 2183 ibi
898 2124 1025 2184 bonum
1042 2125 1159 2203 prolis

297 2230 420 2290 Contra.
446 2228 679 2310 Augustinus
705 2231 756 2290 De
786 2230 862 2290 bono
883 2231 1045 2307 conjugali
1076 2230 1160 2291 dicit

203 2336 294 2415 quod
318 2338 384 2397 tria
407 2347 487 2397 sunt
509 2336 600 2397 bona
625 2336 786 2417 conjugii.
812 2337 943 2397 scilicet
965 2334 1061 2407 fides,
1086 2356 1161 2417 pro·

203 2443 253 2503 les
276 2452 310 2503 et
334 2452 593 2503 sacramentum.

292 2550 492 2610 An1srnir
518 2548 782 2629 QuAEsrioumu
807 2549 931 2610 dicitur
957 2569 1026 2609 uno
1061 2548 1163 2609 modo

203 2658 293 2737 quod
318 2656 521 2716 contrahens
545 2657 799 2717 matrimonium
824 2656 956 2736 obligat
979 2675 1016 2717 se
1044 2656 1086 2717 ad
1109 2672 1162 2715 ac·

202 2771 273 2823 tum
309 2762 443 2842 copulae
477 2763 624 2823 carnalis
658 2763 702 2823 ad
736 2764 849 2825 minus
883 2764 911 2823 si
946 2770 1091 2842 petatur,
1126 2772 1164 2824 et

202 2870 369 2931 certitudo
394 2870 436 2930 de
460 2888 527 2930 non
551 2870 699 2949 petendo
721 2872 755 2931 in
772 2869 988 2948 paucissimis
1004 2868 1158 2929 habetur.

203 2975 243 3037 In
267 2976 327 3037 illo
351 2985 464 3037 autern
489 2986 566 3037 actu
589 2978 745 3056 privatur
768 2978 870 3038 homo
897 2994 1026 3057 magno
1057 2976 1160 3044 bono,

203 3082 333 3143 scilicet
359 3102 424 3143 usu
459 3084 601 3143 rationis
636 3083 822 3144 secundum
857 3080 1104 3162 Philosophum
1129 3098 1159 3159 7.

202 3190 303 3249 Ethic.
329 3191 410 3269 quia
432 3191 511 3251 talis
535 3199 631 3251 actus
655 3187 787 3250 furatur
810 3188 1019 3249 intellectum
1044 3190 1163 3268 saepis·

202 3297 288 3357 sime
315 3298 500 3376 sapientis3
536 3298 644 3377 igitur
678 3297 793 3357 nullus
826 3296 927 3356 debet
961 3293 1162 3355 contrahere

201 3404 455 3464 matrimonium
480 3404 545 3463 nisi
570 3405 639 3465 sint
663 3403 778 3482 aliqua
800 3403 890 3463 bona
928 3420 1162 3480 recompensa·

200 3508 284 3569 bilia
313 3511 412 3571 istam
442 3509 608 3589 jacturam
644 3529 728 3571 usus
761 3510 913 3570 rationis.
938 3508 1009 3570 Ista
1042 3518 1157 3569 autem

201 3615 292 3675 bona
326 3625 406 3677 sunt
440 3626 700 3685 sacramentum,
735 3614 820 3676 fides
854 3625 889 3676 et
921 3614 1043 3696 proles,
1080 3632 1161 3694 quae
