2600 4200
429 874 750 982 Distinctio
801 874 922 981 XL.

459 1059 620 1140 Sancta
650 1061 884 1164 Synodue...

370 1219 466 1285 Circa
490 1224 588 1285 istam
614 1222 700 1285 Dist.
724 1241 778 1305 40.
803 1222 971 1304 queritur.

563 1354 737 1437 QUAEs‘no
761 1356 784 1418 1.

345 1485 451 1541 Utrum
469 1485 518 1541 lex
537 1501 609 1541 nova
626 1487 665 1541 stt
682 1486 798 1554 gravior
815 1486 877 1553 lege
895 1486 994 1543 veteri.

258 1630 303 1693 Et
326 1632 453 1693 videtur
477 1633 568 1713 quod
592 1632 646 1705 sic,
671 1632 748 1713 quia
782 1632 872 1713 quod
907 1652 941 1694 se
964 1631 1063 1694 habet
1096 1651 1156 1713 per

190 1738 391 1801 additionem
415 1739 457 1800 ad
480 1739 578 1811 aliud,
595 1747 645 1800 est
668 1737 799 1821 gravius
822 1738 894 1814 illo;
918 1738 973 1800 sed
998 1737 1052 1800 lex
1069 1759 1155 1801 nova

187 1864 224 1906 se
248 1844 346 1907 habet
370 1866 426 1926 per
449 1844 651 1907 additionem
675 1846 717 1907 ad
745 1846 851 1927 legem
887 1854 1050 1919 veterem3
1073 1865 1155 1927 ergo

194 1952 246 2012 lex
271 1972 356 2013 nova
379 1962 428 2014 est
452 1952 587 2033 gravior
611 1951 710 2015 veteri
735 1952 816 2033 lege.
838 1951 993 2014 Probatio
1016 1951 1159 2015 minoris

190 2058 266 2121 Non
290 2058 376 2121 enim
400 2058 489 2121 venit
512 2059 636 2122 solvere
660 2060 776 2141 legem,
801 2059 858 2120 sed
882 2057 1069 2140 adimplere.

261 2163 391 2232 Contra.
417 2164 540 2228 Mami.
567 2183 618 2229 ΙΙ.
646 2165 768 2247 Jugum
793 2166 880 2227 enim
916 2185 1028 2227 meum
1043 2185 1154 2239 suave,

190 2281 221 2334 et
245 2292 328 2335 onus
357 2293 466 2334 meum
495 2274 574 2335 leve.

257 2379 317 2441 AD
330 2392 442 2441 ISTAM
454 2392 708 2454 QUAESTIONEM
721 2379 858 2441 breviter
871 2378 1052 2458 respondeo
1063 2379 1156 2458 quod

189 2486 221 2547 in
246 2486 317 2566 lege
339 2485 437 2548 veteri
461 2494 510 2547 est
531 2487 591 2547 tria
614 2486 817 2571 considerare
841 2485 960 2546 scilicet
989 2495 1154 2566 praecepta

189 2592 339 2667 moralia,
378 2601 411 2654 et
445 2591 681 2664 cerimonialia,
716 2601 749 2652 et
773 2590 968 2674 judicialia.
1005 2589 1039 2653 Si
1072 2610 1155 2672 ergo

189 2720 418 2780 comparemus
443 2699 548 2780 legem
581 2719 702 2760 novam
726 2699 767 2759 ad
799 2697 966 2780 antiquam
991 2705 1154 2778 quantum

189 2805 231 2866 ad
257 2815 421 2886 praecepta
444 2806 597 2878 moralia,
627 2805 671 2866 sic
695 2805 807 2866 eadem
826 2815 902 2865 sunt
925 2803 1156 2885 praeceptahic

189 2921 221 2973 et
245 2913 302 2984 ibi,
328 2913 358 2973 in
386 2914 456 2992 lege
481 2923 589 2974 tamen
615 2933 700 2974 nova
724 2921 800 2973 sunt
816 2910 921 2992 magis
943 2909 1106 2991 explicita.
1120 2909 1156 2972 Si

189 3028 297 3080 autem
312 3039 542 3099 comparemus
558 3019 664 3100 legem
681 3038 802 3079 novam
816 3018 859 3079 ad
870 3016 1039 3098 antiquam
1055 3035 1158 3096 quan-

188 3134 260 3185 tum
284 3125 326 3186 ad
350 3125 586 3196 cerimonialia,
615 3134 693 3186 tunc
718 3125 771 3186 lex
795 3124 929 3205 antiqua
953 3123 1050 3204 longe
1080 3142 1156 3204 gra-

188 3231 258 3292 vior
281 3241 339 3304 est,
364 3240 395 3293 et
421 3240 582 3312 quantum
609 3232 650 3292 ad
676 3230 929 3303 multitudinem,
949 3238 983 3291 et
994 3237 1156 3310 quantum

187 3337 229 3399 ad
253 3338 475 3399 difficultatem
513 3339 719 3400 observandi.
745 3337 844 3400 Unde
872 3334 1087 3417 ·Augustinus
1108 3335 1160 3398 ad

187 3441 390 3506 lanuarium
416 3443 510 3505 refert
522 3444 612 3525 quod
640 3443 748 3506 Rabbi
766 3444 901 3523 Moyses
924 3441 1106 3504 numeravit
1122 3441 1156 3504 in

188 3549 260 3631 lege
283 3559 437 3612 sexcenta
462 3559 641 3631 praecepta:
667 3551 700 3613 in
738 3551 809 3632 lege
832 3559 943 3612 autem
979 3568 1064 3610 nova
1086 3567 1155 3611 non

187 3664 236 3718 est
258 3655 313 3731 sic,
338 3655 414 3736 quia
437 3656 468 3716 in
492 3677 530 3718 ea
547 3677 612 3718 non
636 3665 711 3720 sunt
725 3656 784 3719 nisi
807 3665 932 3738 septem
949 3663 1154 3718 sacramenta
