2600 4200
345 228 535 297 Dourion.
553 228 667 296 XXII
692 228 878 315 Quasul
1019 252 1076 313 241

234 465 300 530 De
316 468 461 546 primo
486 466 610 529 dicitur
631 486 702 529 uno
724 467 825 528 modo
842 466 933 546 quod
949 466 1104 529 absolute

147 571 317 654 loquendo
340 583 515 653 peccatum
540 593 608 635 non
632 582 746 655 potest
762 572 872 635 redire
885 572 974 634 idem
991 592 1106 636 nume·
1216 639 1219 647 ,

147 699 196 749 ro,
219 680 301 760 quia
323 680 409 741 nihil
432 690 547 761 potest
568 681 679 742 redire
703 680 792 741 idern
809 699 950 742 numero
962 680 1028 741 nisi
1045 699 1106 760 per

147 788 334 865 potentiam
358 786 523 861 divinam
549 787 610 850 sed
632 798 809 867 peccatum
834 788 947 867 quoad
970 786 1105 867 culpam

148 912 216 954 non
239 902 353 973 potest
375 894 485 955 redire
514 896 604 957 idem
639 914 789 965 numere,
825 913 886 974 per
919 896 1105 974 potentiam

148 999 313 1072 divinam;
338 1019 432 1082 ergo.
458 1000 618 1063 Probatio
642 1004 775 1061 minoris
790 1020 851 1083 per
867 1000 1105 1083 Augustinum

149 1106 219 1166 Lib.
242 1110 293 1183 83.
318 1128 347 1186 q.
372 1129 401 1186 q.
423 1127 474 1185 3..·
499 1109 574 1171 Deo
596 1118 736 1170 auctore
762 1128 861 1170 nemo
887 1107 926 1170 fit
949 1108 1105 1169 deterior.

148 1250 190 1258 -
214 1213 383 1282 Proterea,
410 1225 586 1295 peccatum
610 1235 678 1277 non
703 1216 792 1276 inest
816 1215 916 1276 alicui
951 1216 1015 1276 nisi
1047 1232 1108 1294 per

148 1329 260 1382 actum
284 1323 470 1401 peccantis;
496 1322 557 1383 sed
581 1323 646 1383 iste
669 1331 766 1384 actus
792 1342 859 1383 non
895 1322 983 1383 redit
1017 1321 1106 1382 idern

149 1445 289 1489 numero
313 1429 348 1489 in
372 1439 534 1508 peccante
557 1437 698 1509 propter
721 1430 1003 1509 interruptionem
1027 1437 1108 1489 tem·

148 1536 252 1614 poris,
272 1554 305 1612 5.
330 1535 446 1613 Phys.;
468 1554 562 1617 ergo.

242 1642 366 1703 Contra.
399 1642 580 1704 Peccatum
615 1642 781 1723 accipitur
814 1642 1009 1723 dupliciter:
1045 1662 1107 1701 uno

148 1749 236 1808 modo
259 1758 297 1809 ut
320 1750 402 1810 dicit
425 1749 716 1812 deordinationem
741 1751 775 1812 in
792 1758 883 1822 actu;
923 1752 986 1810 alio
1020 1750 1107 1809 modo

149 1865 184 1915 et
206 1856 289 1918 dicit
311 1866 452 1928 reatum,
478 1857 566 1918 idest
599 1857 845 1939 obligationem
880 1858 924 1919 ad
957 1877 1105 1938 poenam.

150 1961 218 2023 Hic
241 1973 355 2025 autem
380 1982 446 2025 non
470 1966 636 2044 quaeritur
659 1966 688 2026 si
712 1974 889 2045 peccatum
919 1966 1029 2045 possit
1061 1983 1108 2025 re-

149 2069 221 2132 dire
243 2071 354 2151 primo
370 2070 481 2142 modo,
506 2072 587 2152 quia
609 2073 639 2134 si
664 2091 731 2134 non
756 2071 844 2134 redit
866 2080 962 2134 actus
978 2080 1107 2133 certum

149 2186 202 2238 est
225 2178 318 2258 quod
340 2198 408 2240 non
432 2181 614 2241 revertitur
636 2180 821 2260 obliquitas
853 2181 888 2242 in
923 2190 1015 2251 actu;
1048 2178 1108 2239 sed

150 2287 315 2365 quaeritur
338 2285 380 2346 de
403 2294 543 2366 peccato
576 2287 727 2349 secundo
761 2287 873 2358 modo,
909 2286 1040 2348 scilicet
1070 2295 1108 2346 ut

149 2391 233 2453 dicit
256 2391 500 2474 obligationem
524 2393 568 2455 ad
590 2413 739 2474 poenam.
764 2405 798 2456 et
814 2395 855 2455 de
872 2395 938 2457 ista
952 2395 1108 2475 arguitur

150 2499 242 2579 quod
275 2509 390 2580 potest
423 2501 543 2572 redire,
571 2502 635 2563 sie:
676 2501 771 2563 Deus
805 2509 919 2582 potest
953 2501 1108 2582 obligare

151 2608 253 2668 istum
277 2626 340 2687 pro
364 2608 395 2668 B
414 2608 457 2669 ad
474 2610 616 2670 eandem
639 2628 777 2691 poenam
802 2609 963 2689 adquam
980 2608 1109 2689 obliga-

150 2715 201 2775 vit
224 2733 286 2794 pro
310 2716 361 2784 A,·
383 2734 468 2796 ergo
492 2718 556 2778 iste
579 2725 694 2796 potest
717 2715 863 2798 obligari
887 2717 930 2778 ad
953 2717 1106 2785 eandem,

149 2830 185 2882 et
207 2839 269 2900 per
290 2840 504 2902 consequens
528 2822 653 2885 habere
665 2824 810 2885 eundem
823 2833 963 2884 reatum.
982 2824 1109 2882 Antece-

150 2928 224 2987 dens
247 2929 419 3008 probatur,
444 2931 525 3011 quia
548 2930 708 2992 voluntas
731 2949 807 2992 mea
829 2931 894 2992 hoc
906 2939 1029 3011 potest,
1047 2931 1109 2990 sci-

150 3033 230 3097 licet
253 3035 341 3097 velle
365 3037 468 3098 istum
492 3038 603 3117 primo
635 3038 783 3099 ordinari
818 3037 862 3100 ad
894 3055 1043 3117 pinnam,
1075 3044 1109 3099 et

150 3142 300 3203 secundo
323 3143 413 3204 velle
436 3163 503 3205 non
528 3145 677 3206 ordinari
701 3144 744 3205 ad
768 3163 905 3224 poenam
937 3144 1001 3206 sub
1032 3162 1109 3204 con-

150 3247 279 3310 ditione
303 3251 382 3311 ista:
407 3252 437 3312 si
462 3253 583 3313 iterum
607 3272 676 3314 non
700 3249 859 3323 offendat,
884 3261 917 3312 et
941 3253 970 3312 si
987 3253 1108 3312 iterum

150 3353 301 3418 offendat
323 3357 412 3419 velle
436 3377 513 3420 eum
537 3377 582 3420 ex
606 3369 687 3421 tunc
711 3360 860 3420 ordinari
887 3357 931 3420 ad
966 3358 1108 3419 eandem

150 3483 298 3545 poenam.

239 3573 296 3632 Ad
314 3580 502 3652 argumenta
536 3582 649 3635 autern
685 3575 856 3653 opinionis
891 3581 985 3653 patet
1018 3571 1110 3652 quod

151 3688 303 3762 arguunt
325 3680 368 3743 de
390 3687 460 3741 actu
483 3681 540 3744 vel
562 3681 766 3764 obliquitate
790 3701 867 3764 quae
892 3691 946 3743 est
968 3679 1003 3742 in
1020 3689 1108 3752 actu,
