<?xml version="1.0" encoding="UTF-8"?>
<!DOCTYPE html PUBLIC "-//W3C//DTD XHTML 1.0 Transitional//EN"
    "http://www.w3.org/TR/xhtml1/DTD/xhtml1-transitional.dtd">
<html xmlns="http://www.w3.org/1999/xhtml" xml:lang="en" lang="en">
 <head>
  <title>
</title>
<meta http-equiv="Content-Type" content="text/html;charset=utf-8" />
  <meta name='ocr-system' content='tesseract 3.04.00' />
  <meta name='ocr-capabilities' content='ocr_page ocr_carea ocr_par ocr_line ocrx_word'/>
</head>
<body>
  <div class='ocr_page' id='page_1' title='image "./commentariainli02scotgoog_0574.png"; bbox 0 0 2600 4200; ppageno 0'>
   <div class='ocr_carea' id='block_1_1' title="bbox 238 203 946 284">
    <p class='ocr_par' dir='ltr' id='par_1_1' title="bbox 238 203 946 284">
     <span class='ocr_line' id='line_1_1' title="bbox 238 203 946 284; baseline -0.001 -18"><span class='ocrx_word' id='word_1_1' title='bbox 238 209 299 284; x_wconf 81' lang='lat'>296</span> <span class='ocrx_word' id='word_1_2' title='bbox 463 207 538 268; x_wconf 71' lang='grc' dir='ltr'>ΜΒ.</span> <span class='ocrx_word' id='word_1_3' title='bbox 563 205 614 266; x_wconf 91' lang='lat' dir='ltr'>IV</span> <span class='ocrx_word' id='word_1_4' title='bbox 640 203 946 267; x_wconf 71' lang='lat' dir='ltr'>Srnremmnmr</span> 
     </span>
    </p>
   </div>
   <div class='ocr_carea' id='block_1_2' title="bbox 210 385 1185 570">
    <p class='ocr_par' dir='ltr' id='par_1_2' title="bbox 210 385 1185 570">
     <span class='ocr_line' id='line_1_2' title="bbox 210 385 1185 464; baseline 0.003 -20"><span class='ocrx_word' id='word_1_5' title='bbox 210 385 404 464; x_wconf 81' lang='lat' dir='ltr'>procreabit</span> <span class='ocrx_word' id='word_1_6' title='bbox 442 393 570 464; x_wconf 87' lang='lat' dir='ltr'>postea,</span> <span class='ocrx_word' id='word_1_7' title='bbox 610 395 644 446; x_wconf 91' lang='lat' dir='ltr'>et</span> <span class='ocrx_word' id='word_1_8' title='bbox 682 395 763 445; x_wconf 92' lang='lat' dir='ltr'>tunc</span> <span class='ocrx_word' id='word_1_9' title='bbox 802 403 895 456; x_wconf 74' lang='lat' dir='ltr'>sana,</span> <span class='ocrx_word' id='word_1_10' title='bbox 930 404 1022 446; x_wconf 91' lang='lat' dir='ltr'>nunc</span> <span class='ocrx_word' id='word_1_11' title='bbox 1064 395 1185 447; x_wconf 85' lang='lat' dir='ltr'>autern</span> 
     </span>
     <span class='ocr_line' id='line_1_3' title="bbox 212 491 357 570; baseline -0.007 -19"><span class='ocrx_word' id='word_1_12' title='bbox 212 491 357 570; x_wconf 87' lang='lat' dir='ltr'>leprosa.</span> 
     </span>
    </p>
   </div>
   <div class='ocr_carea' id='block_1_3' title="bbox 209 685 1183 3211">
    <p class='ocr_par' dir='ltr' id='par_1_3' title="bbox 209 685 1183 3211">
     <span class='ocr_line' id='line_1_4' title="bbox 301 685 1183 767; baseline 0.002 -19"><span class='ocrx_word' id='word_1_13' title='bbox 301 685 364 748; x_wconf 81' lang='lat' dir='ltr'>De</span> <span class='ocrx_word' id='word_1_14' title='bbox 386 685 563 750; x_wconf 68' lang='lat' dir='ltr'>nectendo</span> <span class='ocrx_word' id='word_1_15' title='bbox 579 685 772 750; x_wconf 69' lang='lat' dir='ltr'>Arctoum</span> <span class='ocrx_word' id='word_1_16' title='bbox 788 687 903 767; x_wconf 88' lang='lat' dir='ltr'>magis</span> <span class='ocrx_word' id='word_1_17' title='bbox 919 687 1109 749; x_wconf 81' lang='lat' dir='ltr'>videndum</span> <span class='ocrx_word' id='word_1_18' title='bbox 1126 700 1183 750; x_wconf 90' lang='lat' dir='ltr'>est</span> 
     </span>
     <span class='ocr_line' id='line_1_5' title="bbox 210 793 1178 872; baseline 0.003 -20"><span class='ocrx_word' id='word_1_19' title='bbox 210 793 247 852; x_wconf 90' lang='lat' dir='ltr'>in</span> <span class='ocrx_word' id='word_1_20' title='bbox 271 794 384 871; x_wconf 89' lang='lat' dir='ltr'>specie</span> <span class='ocrx_word' id='word_1_21' title='bbox 409 794 437 852; x_wconf 91' lang='lat' dir='ltr'>si</span> <span class='ocrx_word' id='word_1_22' title='bbox 462 812 524 872; x_wconf 91' lang='lat' dir='ltr'>pro</span> <span class='ocrx_word' id='word_1_23' title='bbox 548 794 639 853; x_wconf 92' lang='lat' dir='ltr'>omni</span> <span class='ocrx_word' id='word_1_24' title='bbox 658 795 720 852; x_wconf 84' lang='lat' dir='ltr'>loco</span> <span class='ocrx_word' id='word_1_25' title='bbox 736 802 769 852; x_wconf 89' lang='lat' dir='ltr'>et</span> <span class='ocrx_word' id='word_1_26' title='bbox 785 799 929 870; x_wconf 78' lang='lat' dir='ltr'>tempore,</span> <span class='ocrx_word' id='word_1_27' title='bbox 950 795 996 854; x_wconf 90' lang='lat' dir='ltr'>sit</span> <span class='ocrx_word' id='word_1_28' title='bbox 1019 794 1178 855; x_wconf 87' lang='lat' dir='ltr'>debitum</span> 
     </span>
     <span class='ocr_line' id='line_1_6' title="bbox 211 897 1178 978; baseline 0.004 -21"><span class='ocrx_word' id='word_1_29' title='bbox 211 897 420 958; x_wconf 90' lang='lat' dir='ltr'>reddendum</span> <span class='ocrx_word' id='word_1_30' title='bbox 445 901 584 978; x_wconf 88' lang='lat' dir='ltr'>petenti.</span> <span class='ocrx_word' id='word_1_31' title='bbox 612 900 662 959; x_wconf 86' lang='lat' dir='ltr'>De</span> <span class='ocrx_word' id='word_1_32' title='bbox 691 906 826 976; x_wconf 80' lang='lat' dir='ltr'>tempore</span> <span class='ocrx_word' id='word_1_33' title='bbox 860 909 973 960; x_wconf 88' lang='lat' dir='ltr'>autem</span> <span class='ocrx_word' id='word_1_34' title='bbox 995 901 1178 962; x_wconf 90' lang='lat' dir='ltr'>sciendum</span> 
     </span>
     <span class='ocr_line' id='line_1_7' title="bbox 209 1004 1177 1087; baseline 0.004 -23"><span class='ocrx_word' id='word_1_35' title='bbox 209 1014 264 1064; x_wconf 89' lang='lat' dir='ltr'>est</span> <span class='ocrx_word' id='word_1_36' title='bbox 287 1004 379 1083; x_wconf 88' lang='lat' dir='ltr'>quod</span> <span class='ocrx_word' id='word_1_37' title='bbox 404 1013 539 1085; x_wconf 90' lang='lat' dir='ltr'>tempus</span> <span class='ocrx_word' id='word_1_38' title='bbox 561 1004 744 1085; x_wconf 84' lang='lat' dir='ltr'>dupliciter</span> <span class='ocrx_word' id='word_1_39' title='bbox 768 1007 935 1085; x_wconf 83' lang='lat' dir='ltr'>accipitur</span> <span class='ocrx_word' id='word_1_40' title='bbox 957 1006 1012 1067; x_wconf 93' lang='lat' dir='ltr'>hic</span> <span class='ocrx_word' id='word_1_41' title='bbox 1038 1008 1072 1067; x_wconf 90' lang='lat' dir='ltr'>in</span> <span class='ocrx_word' id='word_1_42' title='bbox 1098 1028 1177 1087; x_wconf 91' lang='lat' dir='ltr'>pro-</span> 
     </span>
     <span class='ocr_line' id='line_1_8' title="bbox 211 1113 1179 1194; baseline 0.006 -24"><span class='ocrx_word' id='word_1_43' title='bbox 211 1113 336 1190; x_wconf 87' lang='lat' dir='ltr'>posito,</span> <span class='ocrx_word' id='word_1_44' title='bbox 361 1113 442 1189; x_wconf 92' lang='lat' dir='ltr'>quia</span> <span class='ocrx_word' id='word_1_45' title='bbox 465 1121 517 1171; x_wconf 91' lang='lat' dir='ltr'>est</span> <span class='ocrx_word' id='word_1_46' title='bbox 541 1121 678 1192; x_wconf 87' lang='lat' dir='ltr'>tempus</span> <span class='ocrx_word' id='word_1_47' title='bbox 701 1133 769 1192; x_wconf 91' lang='lat' dir='ltr'>quo</span> <span class='ocrx_word' id='word_1_48' title='bbox 795 1114 962 1194; x_wconf 85' lang='lat' dir='ltr'>conjuges</span> <span class='ocrx_word' id='word_1_49' title='bbox 997 1113 1179 1193; x_wconf 88' lang='lat' dir='ltr'>subjacent</span> 
     </span>
     <span class='ocr_line' id='line_1_9' title="bbox 214 1215 1178 1298; baseline 0.004 -20"><span class='ocrx_word' id='word_1_50' title='bbox 214 1215 478 1286; x_wconf 83' lang='lat' dir='ltr'>infirmitatibus,</span> <span class='ocrx_word' id='word_1_51' title='bbox 504 1227 538 1278; x_wconf 89' lang='lat' dir='ltr'>et</span> <span class='ocrx_word' id='word_1_52' title='bbox 562 1229 615 1278; x_wconf 89' lang='lat' dir='ltr'>est</span> <span class='ocrx_word' id='word_1_53' title='bbox 638 1227 775 1297; x_wconf 88' lang='lat' dir='ltr'>tempus</span> <span class='ocrx_word' id='word_1_54' title='bbox 791 1239 859 1298; x_wconf 90' lang='lat' dir='ltr'>quo</span> <span class='ocrx_word' id='word_1_55' title='bbox 875 1230 1000 1280; x_wconf 88' lang='lat' dir='ltr'>vacant</span> <span class='ocrx_word' id='word_1_56' title='bbox 1016 1220 1178 1282; x_wconf 88' lang='lat' dir='ltr'>solemni·</span> 
     </span>
     <span class='ocr_line' id='line_1_10' title="bbox 212 1323 1177 1405; baseline 0.006 -22"><span class='ocrx_word' id='word_1_57' title='bbox 212 1323 351 1384; x_wconf 89' lang='lat' dir='ltr'>tatibus.</span> <span class='ocrx_word' id='word_1_58' title='bbox 377 1323 436 1384; x_wconf 85' lang='lat' dir='ltr'>Ad</span> <span class='ocrx_word' id='word_1_59' title='bbox 459 1325 669 1385; x_wconf 89' lang='lat' dir='ltr'>reddendum</span> <span class='ocrx_word' id='word_1_60' title='bbox 694 1325 847 1385; x_wconf 89' lang='lat' dir='ltr'>debitum</span> <span class='ocrx_word' id='word_1_61' title='bbox 864 1336 1018 1405; x_wconf 86' lang='lat' dir='ltr'>tempore</span> <span class='ocrx_word' id='word_1_62' title='bbox 1035 1326 1177 1389; x_wconf 89' lang='lat' dir='ltr'>infirmi·</span> 
     </span>
     <span class='ocr_line' id='line_1_11' title="bbox 212 1430 1177 1507; baseline 0.005 -18"><span class='ocrx_word' id='word_1_63' title='bbox 212 1439 332 1499; x_wconf 88' lang='lat' dir='ltr'>tatum,</span> <span class='ocrx_word' id='word_1_64' title='bbox 358 1430 485 1491; x_wconf 88' lang='lat' dir='ltr'>dictum</span> <span class='ocrx_word' id='word_1_65' title='bbox 510 1441 563 1490; x_wconf 91' lang='lat' dir='ltr'>est</span> <span class='ocrx_word' id='word_1_66' title='bbox 587 1432 621 1490; x_wconf 91' lang='lat' dir='ltr'>in</span> <span class='ocrx_word' id='word_1_67' title='bbox 639 1433 709 1491; x_wconf 62' lang='lat' dir='ltr'>slrl.</span> <span class='ocrx_word' id='word_1_68' title='bbox 721 1436 819 1507; x_wconf 71' lang='lat' dir='ltr'>praec.</span> <span class='ocrx_word' id='word_1_69' title='bbox 838 1430 907 1494; x_wconf 90' lang='lat' dir='ltr'>Sed</span> <span class='ocrx_word' id='word_1_70' title='bbox 924 1433 966 1493; x_wconf 91' lang='lat' dir='ltr'>de</span> <span class='ocrx_word' id='word_1_71' title='bbox 982 1434 1177 1494; x_wconf 85' lang='lat' dir='ltr'>redditione</span> 
     </span>
     <span class='ocr_line' id='line_1_12' title="bbox 211 1535 1175 1618; baseline 0.005 -24"><span class='ocrx_word' id='word_1_72' title='bbox 211 1535 318 1597; x_wconf 89' lang='lat' dir='ltr'>debiti</span> <span class='ocrx_word' id='word_1_73' title='bbox 343 1545 496 1615; x_wconf 90' lang='lat' dir='ltr'>tempore</span> <span class='ocrx_word' id='word_1_74' title='bbox 528 1536 794 1605; x_wconf 81' lang='lat' dir='ltr'>solemnitatum,</span> <span class='ocrx_word' id='word_1_75' title='bbox 820 1539 903 1598; x_wconf 92' lang='lat' dir='ltr'>dicit</span> <span class='ocrx_word' id='word_1_76' title='bbox 926 1538 1121 1618; x_wconf 91' lang='lat' dir='ltr'>Apostolus</span> <span class='ocrx_word' id='word_1_77' title='bbox 1144 1560 1175 1600; x_wconf 84' lang='lat' dir='ltr'>r.</span> 
     </span>
     <span class='ocr_line' id='line_1_13' title="bbox 217 1639 1177 1718; baseline 0.005 -18"><span class='ocrx_word' id='word_1_78' title='bbox 217 1642 287 1702; x_wconf 80' lang='lat' dir='ltr'>Cor.</span> <span class='ocrx_word' id='word_1_79' title='bbox 314 1645 341 1718; x_wconf 93' lang='lat'>7&#39;.</span> <span class='ocrx_word' id='word_1_80' title='bbox 367 1641 483 1703; x_wconf 86' lang='lat' dir='ltr'>Nolite</span> <span class='ocrx_word' id='word_1_81' title='bbox 506 1639 664 1702; x_wconf 85' lang='lat' dir='ltr'>fraudare</span> <span class='ocrx_word' id='word_1_82' title='bbox 676 1644 823 1704; x_wconf 84' lang='lat' dir='ltr'>invicem</span> <span class='ocrx_word' id='word_1_83' title='bbox 849 1645 915 1704; x_wconf 88' lang='lat' dir='ltr'>nisi</span> <span class='ocrx_word' id='word_1_84' title='bbox 932 1641 1020 1704; x_wconf 86' lang='lat' dir='ltr'>forte</span> <span class='ocrx_word' id='word_1_85' title='bbox 1034 1663 1081 1705; x_wconf 84' lang='lat' dir='ltr'>ex</span> <span class='ocrx_word' id='word_1_86' title='bbox 1096 1664 1177 1705; x_wconf 92' lang='lat' dir='ltr'>con-</span> 
     </span>
     <span class='ocr_line' id='line_1_14' title="bbox 212 1749 1176 1831; baseline 0.005 -23"><span class='ocrx_word' id='word_1_87' title='bbox 212 1767 316 1808; x_wconf 90' lang='lat' dir='ltr'>sensu</span> <span class='ocrx_word' id='word_1_88' title='bbox 351 1758 390 1809; x_wconf 92' lang='lat' dir='ltr'>ut</span> <span class='ocrx_word' id='word_1_89' title='bbox 424 1749 553 1809; x_wconf 86' lang='lat' dir='ltr'>vacetis</span> <span class='ocrx_word' id='word_1_90' title='bbox 588 1750 735 1810; x_wconf 87' lang='lat' dir='ltr'>orationi</span> <span class='ocrx_word' id='word_1_91' title='bbox 770 1751 813 1810; x_wconf 92' lang='lat' dir='ltr'>ad</span> <span class='ocrx_word' id='word_1_92' title='bbox 848 1759 984 1830; x_wconf 90' lang='lat' dir='ltr'>tempus</span> <span class='ocrx_word' id='word_1_93' title='bbox 1018 1753 1110 1831; x_wconf 84' lang='lat' dir='ltr'>quia,</span> <span class='ocrx_word' id='word_1_94' title='bbox 1134 1763 1176 1813; x_wconf 91' lang='lat' dir='ltr'>ut</span> 
     </span>
     <span class='ocr_line' id='line_1_15' title="bbox 211 1852 1176 1934; baseline 0.004 -21"><span class='ocrx_word' id='word_1_95' title='bbox 211 1855 309 1932; x_wconf 91' lang='lat' dir='ltr'>ponit</span> <span class='ocrx_word' id='word_1_96' title='bbox 334 1852 512 1934; x_wconf 86' lang='lat' dir='ltr'>Magister,</span> <span class='ocrx_word' id='word_1_97' title='bbox 537 1853 690 1916; x_wconf 88' lang='lat' dir='ltr'>debitum</span> <span class='ocrx_word' id='word_1_98' title='bbox 714 1866 767 1916; x_wconf 89' lang='lat' dir='ltr'>est</span> <span class='ocrx_word' id='word_1_99' title='bbox 790 1857 998 1917; x_wconf 85' lang='lat' dir='ltr'>reddendum</span> <span class='ocrx_word' id='word_1_100' title='bbox 1018 1856 1176 1918; x_wconf 90' lang='lat' dir='ltr'>illotem-</span> 
     </span>
     <span class='ocr_line' id='line_1_16' title="bbox 212 1961 1175 2042; baseline 0.004 -23"><span class='ocrx_word' id='word_1_101' title='bbox 212 1977 295 2040; x_wconf 90' lang='lat' dir='ltr'>pore</span> <span class='ocrx_word' id='word_1_102' title='bbox 319 1963 447 2039; x_wconf 88' lang='lat' dir='ltr'>petenti</span> <span class='ocrx_word' id='word_1_103' title='bbox 474 1961 626 2022; x_wconf 89' lang='lat' dir='ltr'>sednon</span> <span class='ocrx_word' id='word_1_104' title='bbox 651 1963 846 2041; x_wconf 88' lang='lat' dir='ltr'>petendum,</span> <span class='ocrx_word' id='word_1_105' title='bbox 871 1971 906 2022; x_wconf 90' lang='lat' dir='ltr'>et</span> <span class='ocrx_word' id='word_1_106' title='bbox 936 1963 1031 2022; x_wconf 88' lang='lat' dir='ltr'>reddi</span> <span class='ocrx_word' id='word_1_107' title='bbox 1057 1973 1175 2042; x_wconf 86' lang='lat' dir='ltr'>potest</span> 
     </span>
     <span class='ocr_line' id='line_1_17' title="bbox 212 2064 1175 2149; baseline 0.002 -22"><span class='ocrx_word' id='word_1_108' title='bbox 212 2067 287 2127; x_wconf 92' lang='lat' dir='ltr'>sine</span> <span class='ocrx_word' id='word_1_109' title='bbox 311 2064 412 2147; x_wconf 91' lang='lat' dir='ltr'>culpa</span> <span class='ocrx_word' id='word_1_110' title='bbox 435 2068 495 2128; x_wconf 88' lang='lat' dir='ltr'>sed</span> <span class='ocrx_word' id='word_1_111' title='bbox 520 2086 587 2129; x_wconf 89' lang='lat' dir='ltr'>non</span> <span class='ocrx_word' id='word_1_112' title='bbox 623 2077 738 2149; x_wconf 89' lang='lat' dir='ltr'>potest</span> <span class='ocrx_word' id='word_1_113' title='bbox 772 2069 841 2148; x_wconf 89' lang='lat' dir='ltr'>peti</span> <span class='ocrx_word' id='word_1_114' title='bbox 877 2070 951 2129; x_wconf 87' lang='lat' dir='ltr'>sine</span> <span class='ocrx_word' id='word_1_115' title='bbox 986 2068 1096 2148; x_wconf 91' lang='lat' dir='ltr'>culpa.</span> <span class='ocrx_word' id='word_1_116' title='bbox 1123 2070 1175 2129; x_wconf 86' lang='lat' dir='ltr'>De</span> 
     </span>
     <span class='ocr_line' id='line_1_18' title="bbox 209 2174 1174 2256; baseline 0.005 -25"><span class='ocrx_word' id='word_1_117' title='bbox 209 2174 284 2241; x_wconf 64' lang='lat' dir='ltr'>alze,</span> <span class='ocrx_word' id='word_1_118' title='bbox 313 2174 342 2235; x_wconf 90' lang='lat' dir='ltr'>si</span> <span class='ocrx_word' id='word_1_119' title='bbox 366 2176 401 2234; x_wconf 93' lang='lat' dir='ltr'>in</span> <span class='ocrx_word' id='word_1_120' title='bbox 425 2176 517 2235; x_wconf 90' lang='lat' dir='ltr'>omni</span> <span class='ocrx_word' id='word_1_121' title='bbox 542 2176 604 2235; x_wconf 85' lang='lat' dir='ltr'>loco</span> <span class='ocrx_word' id='word_1_122' title='bbox 627 2184 681 2235; x_wconf 88' lang='lat' dir='ltr'>est</span> <span class='ocrx_word' id='word_1_123' title='bbox 704 2174 913 2236; x_wconf 90' lang='lat' dir='ltr'>reddendum</span> <span class='ocrx_word' id='word_1_124' title='bbox 940 2176 1094 2237; x_wconf 91' lang='lat' dir='ltr'>debitum</span> <span class='ocrx_word' id='word_1_125' title='bbox 1118 2195 1174 2256; x_wconf 90' lang='lat' dir='ltr'>pe-</span> 
     </span>
     <span class='ocr_line' id='line_1_19' title="bbox 212 2280 1174 2362; baseline 0.005 -24"><span class='ocrx_word' id='word_1_126' title='bbox 212 2280 308 2350; x_wconf 86' lang='lat' dir='ltr'>tenti,</span> <span class='ocrx_word' id='word_1_127' title='bbox 333 2281 409 2341; x_wconf 92' lang='lat' dir='ltr'>dico</span> <span class='ocrx_word' id='word_1_128' title='bbox 434 2281 525 2360; x_wconf 92' lang='lat' dir='ltr'>quod</span> <span class='ocrx_word' id='word_1_129' title='bbox 550 2282 584 2342; x_wconf 92' lang='lat' dir='ltr'>in</span> <span class='ocrx_word' id='word_1_130' title='bbox 609 2282 685 2341; x_wconf 92' lang='lat' dir='ltr'>loco</span> <span class='ocrx_word' id='word_1_131' title='bbox 713 2299 809 2341; x_wconf 88' lang='lat' dir='ltr'>sacro</span> <span class='ocrx_word' id='word_1_132' title='bbox 844 2281 1048 2362; x_wconf 85' lang='lat' dir='ltr'>regulariter</span> <span class='ocrx_word' id='word_1_133' title='bbox 1071 2282 1174 2343; x_wconf 89' lang='lat' dir='ltr'>absti-</span> 
     </span>
     <span class='ocr_line' id='line_1_20' title="bbox 213 2387 1172 2468; baseline 0.004 -22"><span class='ocrx_word' id='word_1_134' title='bbox 213 2387 361 2447; x_wconf 90' lang='lat' dir='ltr'>nendum</span> <span class='ocrx_word' id='word_1_135' title='bbox 386 2396 448 2455; x_wconf 88' lang='lat' dir='ltr'>est,</span> <span class='ocrx_word' id='word_1_136' title='bbox 473 2389 554 2467; x_wconf 91' lang='lat' dir='ltr'>quia</span> <span class='ocrx_word' id='word_1_137' title='bbox 577 2407 644 2448; x_wconf 90' lang='lat' dir='ltr'>non</span> <span class='ocrx_word' id='word_1_138' title='bbox 670 2390 786 2448; x_wconf 92' lang='lat' dir='ltr'>statim</span> <span class='ocrx_word' id='word_1_139' title='bbox 810 2388 965 2449; x_wconf 88' lang='lat' dir='ltr'>imminet</span> <span class='ocrx_word' id='word_1_140' title='bbox 981 2389 1172 2468; x_wconf 87' lang='lat' dir='ltr'>periculum</span> 
     </span>
     <span class='ocr_line' id='line_1_21' title="bbox 210 2490 1172 2572; baseline 0.003 -19"><span class='ocrx_word' id='word_1_141' title='bbox 210 2490 458 2563; x_wconf 82' lang='lat' dir='ltr'>fornicationis,</span> <span class='ocrx_word' id='word_1_142' title='bbox 483 2494 542 2572; x_wconf 90' lang='lat' dir='ltr'>qui</span> <span class='ocrx_word' id='word_1_143' title='bbox 566 2503 712 2572; x_wconf 91' lang='lat' dir='ltr'>possunt</span> <span class='ocrx_word' id='word_1_144' title='bbox 735 2495 803 2553; x_wconf 89' lang='lat' dir='ltr'>cito</span> <span class='ocrx_word' id='word_1_145' title='bbox 827 2494 871 2553; x_wconf 91' lang='lat' dir='ltr'>ad</span> <span class='ocrx_word' id='word_1_146' title='bbox 887 2493 1000 2555; x_wconf 91' lang='lat' dir='ltr'>locum</span> <span class='ocrx_word' id='word_1_147' title='bbox 1025 2514 1093 2556; x_wconf 92' lang='lat' dir='ltr'>non</span> <span class='ocrx_word' id='word_1_148' title='bbox 1122 2515 1172 2556; x_wconf 90' lang='lat' dir='ltr'>sa·</span> 
     </span>
     <span class='ocr_line' id='line_1_22' title="bbox 210 2597 1173 2662; baseline 0.004 -4"><span class='ocrx_word' id='word_1_149' title='bbox 210 2617 307 2659; x_wconf 91' lang='lat' dir='ltr'>crum</span> <span class='ocrx_word' id='word_1_150' title='bbox 332 2601 457 2659; x_wconf 89' lang='lat' dir='ltr'>venire.</span> <span class='ocrx_word' id='word_1_151' title='bbox 477 2597 514 2660; x_wconf 85' lang='lat' dir='ltr'>Si</span> <span class='ocrx_word' id='word_1_152' title='bbox 539 2610 653 2661; x_wconf 90' lang='lat' dir='ltr'>tamen</span> <span class='ocrx_word' id='word_1_153' title='bbox 670 2600 728 2660; x_wconf 90' lang='lat' dir='ltr'>diu</span> <span class='ocrx_word' id='word_1_154' title='bbox 747 2618 887 2661; x_wconf 90' lang='lat' dir='ltr'>necesse</span> <span class='ocrx_word' id='word_1_155' title='bbox 902 2612 994 2662; x_wconf 89' lang='lat' dir='ltr'>esset</span> <span class='ocrx_word' id='word_1_156' title='bbox 1009 2620 1069 2662; x_wconf 88' lang='lat' dir='ltr'>eos</span> <span class='ocrx_word' id='word_1_157' title='bbox 1085 2620 1173 2662; x_wconf 89' lang='lat' dir='ltr'>com·</span> 
     </span>
     <span class='ocr_line' id='line_1_23' title="bbox 212 2705 1171 2777; baseline 0.004 -12"><span class='ocrx_word' id='word_1_158' title='bbox 212 2724 349 2765; x_wconf 91' lang='lat' dir='ltr'>manere</span> <span class='ocrx_word' id='word_1_159' title='bbox 373 2705 407 2765; x_wconf 90' lang='lat' dir='ltr'>in</span> <span class='ocrx_word' id='word_1_160' title='bbox 432 2706 507 2766; x_wconf 92' lang='lat' dir='ltr'>loco</span> <span class='ocrx_word' id='word_1_161' title='bbox 531 2724 638 2775; x_wconf 88' lang='lat' dir='ltr'>sacro,</span> <span class='ocrx_word' id='word_1_162' title='bbox 657 2717 691 2767; x_wconf 90' lang='lat' dir='ltr'>et</span> <span class='ocrx_word' id='word_1_163' title='bbox 707 2705 800 2766; x_wconf 88' lang='lat' dir='ltr'>aliud</span> <span class='ocrx_word' id='word_1_164' title='bbox 813 2726 881 2768; x_wconf 90' lang='lat' dir='ltr'>non</span> <span class='ocrx_word' id='word_1_165' title='bbox 895 2708 1056 2777; x_wconf 87' lang='lat' dir='ltr'>obstaret,</span> <span class='ocrx_word' id='word_1_166' title='bbox 1080 2718 1171 2769; x_wconf 90' lang='lat' dir='ltr'>tene-</span> 
     </span>
     <span class='ocr_line' id='line_1_24' title="bbox 212 2811 1172 2891; baseline 0.003 -19"><span class='ocrx_word' id='word_1_167' title='bbox 212 2821 306 2872; x_wconf 88' lang='lat' dir='ltr'>retur</span> <span class='ocrx_word' id='word_1_168' title='bbox 329 2811 469 2873; x_wconf 90' lang='lat' dir='ltr'>reddere</span> <span class='ocrx_word' id='word_1_169' title='bbox 493 2813 644 2873; x_wconf 88' lang='lat' dir='ltr'>debitum</span> <span class='ocrx_word' id='word_1_170' title='bbox 670 2814 810 2891; x_wconf 84' lang='lat' dir='ltr'>petenti.</span> <span class='ocrx_word' id='word_1_171' title='bbox 836 2814 908 2876; x_wconf 90' lang='lat' dir='ltr'>Nec</span> <span class='ocrx_word' id='word_1_172' title='bbox 932 2813 1019 2875; x_wconf 83' lang='lat' dir='ltr'>forte</span> <span class='ocrx_word' id='word_1_173' title='bbox 1034 2834 1079 2876; x_wconf 83' lang='lat' dir='ltr'>ex</span> <span class='ocrx_word' id='word_1_174' title='bbox 1106 2815 1172 2875; x_wconf 89' lang='lat' dir='ltr'>hoc</span> 
     </span>
     <span class='ocr_line' id='line_1_25' title="bbox 210 2919 1173 2982; baseline 0.002 -3"><span class='ocrx_word' id='word_1_175' title='bbox 210 2919 241 2979; x_wconf 90' lang='lat' dir='ltr'>si</span> <span class='ocrx_word' id='word_1_176' title='bbox 268 2926 363 2979; x_wconf 91' lang='lat' dir='ltr'>actus</span> <span class='ocrx_word' id='word_1_177' title='bbox 387 2927 478 2979; x_wconf 87' lang='lat' dir='ltr'>esset</span> <span class='ocrx_word' id='word_1_178' title='bbox 502 2919 658 2981; x_wconf 88' lang='lat' dir='ltr'>occultus</span> <span class='ocrx_word' id='word_1_179' title='bbox 685 2919 782 2982; x_wconf 91' lang='lat' dir='ltr'>locus</span> <span class='ocrx_word' id='word_1_180' title='bbox 818 2939 913 2981; x_wconf 88' lang='lat' dir='ltr'>sacer</span> <span class='ocrx_word' id='word_1_181' title='bbox 946 2930 1038 2981; x_wconf 87' lang='lat' dir='ltr'>esset</span> <span class='ocrx_word' id='word_1_182' title='bbox 1071 2921 1173 2981; x_wconf 90' lang='lat' dir='ltr'>inter·</span> 
     </span>
     <span class='ocr_line' id='line_1_26' title="bbox 211 3025 1171 3106; baseline 0.002 -21"><span class='ocrx_word' id='word_1_183' title='bbox 211 3025 334 3094; x_wconf 89' lang='lat' dir='ltr'>dictus,</span> <span class='ocrx_word' id='word_1_184' title='bbox 360 3044 421 3085; x_wconf 89' lang='lat' dir='ltr'>nec</span> <span class='ocrx_word' id='word_1_185' title='bbox 433 3034 568 3105; x_wconf 88' lang='lat' dir='ltr'>oportet</span> <span class='ocrx_word' id='word_1_186' title='bbox 579 3026 710 3087; x_wconf 89' lang='lat' dir='ltr'>cultum</span> <span class='ocrx_word' id='word_1_187' title='bbox 723 3028 877 3088; x_wconf 82' lang='lat' dir='ltr'>divinum</span> <span class='ocrx_word' id='word_1_188' title='bbox 895 3026 1022 3087; x_wconf 91' lang='lat' dir='ltr'>ibidem</span> <span class='ocrx_word' id='word_1_189' title='bbox 1035 3027 1171 3106; x_wconf 91' lang='lat' dir='ltr'>publice</span> 
     </span>
     <span class='ocr_line' id='line_1_27' title="bbox 210 3132 437 3211; baseline 0.004 -20"><span class='ocrx_word' id='word_1_190' title='bbox 210 3132 437 3211; x_wconf 80' lang='lat' dir='ltr'>praetermitti.</span> 
     </span>
    </p>
   </div>
   <div class='ocr_carea' id='block_1_4' title="bbox 209 3360 1173 3656">
    <p class='ocr_par' dir='ltr' id='par_1_4' title="bbox 209 3360 1173 3656">
     <span class='ocr_line' id='line_1_28' title="bbox 302 3360 1171 3443; baseline 0 -20"><span class='ocrx_word' id='word_1_191' title='bbox 302 3360 365 3423; x_wconf 82' lang='lat' dir='ltr'>De</span> <span class='ocrx_word' id='word_1_192' title='bbox 395 3362 516 3425; x_wconf 74' lang='lat' dir='ltr'>tertio</span> <span class='ocrx_word' id='word_1_193' title='bbox 544 3360 748 3437; x_wconf 59' lang='lat' dir='ltr'>Artemita,</span> <span class='ocrx_word' id='word_1_194' title='bbox 783 3363 812 3422; x_wconf 94' lang='lat' dir='ltr'>si</span> <span class='ocrx_word' id='word_1_195' title='bbox 847 3372 944 3423; x_wconf 89' lang='lat' dir='ltr'>actus</span> <span class='ocrx_word' id='word_1_196' title='bbox 979 3362 1171 3443; x_wconf 87' lang='lat' dir='ltr'>conjugalis</span> 
     </span>
     <span class='ocr_line' id='line_1_29' title="bbox 212 3468 1171 3549; baseline 0.004 -23"><span class='ocrx_word' id='word_1_197' title='bbox 212 3484 348 3547; x_wconf 90' lang='lat' dir='ltr'>semper</span> <span class='ocrx_word' id='word_1_198' title='bbox 370 3469 416 3529; x_wconf 92' lang='lat' dir='ltr'>sit</span> <span class='ocrx_word' id='word_1_199' title='bbox 439 3470 513 3530; x_wconf 90' lang='lat' dir='ltr'>sine</span> <span class='ocrx_word' id='word_1_200' title='bbox 537 3477 687 3548; x_wconf 86' lang='lat' dir='ltr'>peccato.</span> <span class='ocrx_word' id='word_1_201' title='bbox 712 3468 787 3528; x_wconf 92' lang='lat' dir='ltr'>dico</span> <span class='ocrx_word' id='word_1_202' title='bbox 812 3469 905 3547; x_wconf 92' lang='lat' dir='ltr'>quod</span> <span class='ocrx_word' id='word_1_203' title='bbox 931 3469 1042 3529; x_wconf 90' lang='lat' dir='ltr'>coitus</span> <span class='ocrx_word' id='word_1_204' title='bbox 1058 3468 1171 3549; x_wconf 87' lang='lat' dir='ltr'>conju·</span> 
     </span>
     <span class='ocr_line' id='line_1_30' title="bbox 209 3573 1173 3656; baseline 0.003 -23"><span class='ocrx_word' id='word_1_205' title='bbox 209 3573 304 3653; x_wconf 84' lang='lat' dir='ltr'>galis</span> <span class='ocrx_word' id='word_1_206' title='bbox 326 3585 380 3635; x_wconf 90' lang='lat' dir='ltr'>est</span> <span class='ocrx_word' id='word_1_207' title='bbox 403 3576 539 3656; x_wconf 88' lang='lat' dir='ltr'>triplex.</span> <span class='ocrx_word' id='word_1_208' title='bbox 564 3574 765 3653; x_wconf 85' lang='lat' dir='ltr'>Aliquando</span> <span class='ocrx_word' id='word_1_209' title='bbox 799 3584 852 3635; x_wconf 90' lang='lat' dir='ltr'>est</span> <span class='ocrx_word' id='word_1_210' title='bbox 886 3576 1075 3643; x_wconf 79' lang='lat' dir='ltr'>meritorius,</span> <span class='ocrx_word' id='word_1_211' title='bbox 1113 3574 1173 3636; x_wconf 85' lang='lat' dir='ltr'>ali·</span> 
     </span>
    </p>
   </div>
   <div class='ocr_carea' id='block_1_5' title="bbox 0 0 1304 4200">
    <p class='ocr_par' dir='ltr' id='par_1_5' title="bbox 0 0 1304 4200">
     <span class='ocr_line' id='line_1_31' title="bbox 0 0 1304 4200; baseline 0 1"><span class='ocrx_word' id='word_1_212' title='bbox 0 0 1304 4200; x_wconf 95' lang='lat' dir='ltr'> </span> 
     </span>
    </p>
   </div>
  </div>
 </body>
</html>
