2600 4200
213 201 274 260 302
447 181 521 241 Lm.
547 179 598 240 IV
624 177 930 241 Suursuruuuu

286 359 358 418 Una
381 361 485 436 opinio
509 359 591 418 dicit
614 359 678 420 sic:
712 377 777 438 per-
796 358 1006 437 baptismum
1040 359 1156 420 solum

190 465 322 526 deletur
344 475 520 544 peccatum
544 455 578 525 et
602 465 742 544 sequela
764 465 908 543 peccati;
927 465 987 525 sed
998 465 1157 546 bigamia

190 590 258 633 non
283 579 335 632 est
358 581 535 650 peccatum
560 589 621 632 nec
646 571 786 650 sequela
804 572 953 649 “peccatu
972 571 1088 652 igitur.
1106 570 1156 632 Et

191 696 253 756 per
275 676 339 738 hoc
363 686 457 757 patet
481 675 565 736 illud
588 676 630 736 de
647 676 831 736 homicidio
847 685 927 737 ante
942 677 1154 756 baptismum

190 773 391 854 commisso;
416 801 493 842 nam
518 781 689 843 homicida
711 791 790 843 ante
812 767 1020 861 baptismum
1036 792 1157 861 potest

191 889 234 950 ad
258 907 374 949 sacros
398 886 546 950 Ordines
569 890 763 967 promoveri
787 898 866 968 post
892 889 1100 968 baptismum
1118 899 1156 949 et

191 1014 258 1056 non
282 995 452 1075 bigamus,
477 995 558 1074 quia
580 994 802 1055 homicidium
833 1005 888 1056 est
909 1005 1086 1074 peccatum
1117 1003 1155 1056 et

191 1101 340 1164 maxime
365 1101 393 1160 si
418 1108 536 1180 peccat
559 1101 756 1168 occidendo,
781 1103 870 1162 sicut
893 1101 997 1162 estin
1013 1102 1155 1162 homici-

191 1209 249 1269 dio
273 1207 476 1276 voluntario,
501 1216 535 1267 et
558 1206 635 1268 ideo
660 1207 792 1268 tollitur
814 1227 876 1287 per
890 1208 1108 1287 baptismum,

282 1313 416 1376 Contra.
442 1313 528 1374 Esto
552 1314 645 1393 quod
667 1314 828 1395 bigamus
850 1325 969 1394 peccet
992 1317 1025 1375 in
1056 1314 1156 1393 biga-

192 1422 270 1488 mia,
295 1429 378 1500 puta
402 1418 519 1480 illicite
543 1420 783 1488 contrahendo,
808 1421 963 1500 sequitur
985 1420 1078 1500 quod
1093 1419 1154 1481 ille

192 1536 387 1588 contractus
411 1546 488 1588 curn
513 1527 558 1586 sit
582 1536 759 1605 peccatum
783 1526 839 1588 vel
873 1545 1045 1588 annexum
1078 1545 1156 1606 pec·

192 1644 268 1695 cato
292 1633 460 1694 delebitur
483 1634 517 1693 in
542 1633 722 1712 baptismo,
756 1669 797 1676 -
833 1633 1014 1702 Praeterea,
1046 1634 1075 1692 si
1106 1651 1155 1693 ex

193 1741 260 1801 ista
281 1740 412 1799 ratione
435 1749 527 1800 esset
550 1738 742 1799 necessario
759 1739 995 1820 irregularitas
1007 1740 1041 1798 in
1058 1739 1156 1819 biga·

192 1847 272 1914 mia,
296 1847 377 1925 quia
400 1864 468 1906 non
491 1854 544 1905 est
567 1854 744 1924 peecatum
769 1865 831 1906 nec
855 1845 995 1924 sequela
1010 1845 1152 1924 peccati,

193 1961 393 2031 sequeretur
416 1951 507 2030 quod
530 1970 597 2012 non
622 1961 740 2030 posset
763 1950 919 2012 Ecclesia
942 1952 1043 2012 istam
1075 1951 1156 2011 irre·

193 2058 411 2141 gularitatem
436 2055 563 2128 tollere,
588 2058 671 2137 quia
694 2075 761 2119 non
785 2066 899 2138 potest
922 2057 1074 2139 bigamia
1097 2057 1156 2119 tri-

192 2166 297 2227 buere
320 2164 412 2244 quod
436 2165 481 2225 sit
504 2182 549 2224 ex
572 2182 609 2223 se
632 2173 809 2243 peccatum
834 2161 890 2225 vel
914 2164 1054 2243 sequela
1078 2182 1156 2243 pec-

193 2272 269 2333 cati.
295 2306 336 2314 -
356 2270 535 2338 Praeterea,
553 2268 776 2350 Augustinus
793 2273 827 2328 in
842 2276 908 2347 cap.
919 2271 1083 2348 praalleg.
1100 2274 1154 2329 26.

194 2379 329 2437 Acutius
352 2377 434 2437 dicit
457 2376 549 2456 quod
573 2377 601 2436 si
619 2374 761 2437 foemina
773 2375 1017 2438 cathecumena
1032 2378 1156 2438 vitiata

194 2492 256 2552 est,
282 2501 349 2543 non
373 2492 487 2561 potest
519 2491 599 2561 post
632 2482 841 2560 baptismum
877 2483 965 2543 inter
999 2484 1156 2564 virgines

194 2590 398 2659 conseerari;
434 2588 495 2649 sed
518 2588 682 2667 possibile
716 2598 770 2650 est
804 2589 904 2650 istam
939 2589 1153 2650 vitiationem

195 2714 255 2757 seu
280 2696 530 2774 corruptionem
554 2704 633 2755 ante
655 2695 865 2774 baptismum
899 2691 1007 2756 fuisse
1039 2714 1155 2775 pecca·

194 2811 281 2873 tum;
307 2820 390 2883 ergo
414 2800 499 2861 illud
521 2811 698 2881 peccatum
722 2821 790 2862 non
813 2801 946 2862 deletur
957 2821 1018 2881 per
1028 2802 1157 2881 baptis·

194 2928 288 2970 mum
308 2918 472 2987 quantum
492 2908 535 2968 ad
555 2907 730 2986 sequelam
742 2908 1063 2988 correspondentem
1075 2908 1152 2968 sibi.

284 3016 362 3075 Alia
385 3017 489 3091 opinio
512 3014 594 3075 dicit
618 3014 668 3075 sic
692 3014 784 3094 quod
806 3014 923 3093 aliqua
945 3012 1086 3074 infamia
1100 3023 1154 3075 est

195 3140 343 3201 sequens
367 3130 479 3182 actum
503 3140 548 3181 ex
571 3120 695 3182 notitia
717 3120 852 3191 actuali,
876 3121 992 3201 aliqua
1014 3118 1156 3181 infamia

195 3246 343 3307 sequens
367 3236 479 3288 actum
503 3235 642 3306 propter
676 3225 845 3288 defectum
880 3224 1153 3307 significationis.

195 3334 345 3395 Primam
370 3342 483 3393 autern
507 3330 681 3393 infamiam
706 3332 824 3394 tollere
848 3341 963 3412 potest
988 3330 1153 3402 Ecclesia,

195 3441 379 3501 secundam
403 3448 516 3500 autem
541 3458 608 3500 non
632 3449 747 3519 potest
770 3439 898 3500 tollere.
923 3439 1024 3500 Nunc
1038 3445 1154 3500 autem

195 3546 417 3609 homicidium
442 3546 573 3607 inducit
596 3545 880 3627 irregularitatem
900 3555 1039 3626 propter
1049 3552 1157 3606 statu·
