2600 4200
301 262 658 325 Drsrmcr.XXXV1
683 264 831 346 Qurasr.
856 264 871 326 1
1008 281 1069 342 231

194 469 429 531 RESPONDEO.
448 466 483 529 In
507 466 567 529 ista
582 467 767 549 quaestione
779 469 840 531 tria
852 479 928 531 sunt
944 468 1098 531 videnda.

124 573 251 646 Primo,
275 594 318 635 ao
342 574 477 635 virtutes
501 574 639 637 morales
663 575 728 636 sint
752 596 913 638 connexae
937 575 1019 637 inter
1051 596 1095 639 se.

124 680 283 752 Secundo,
308 679 333 742 si
357 680 421 742 sint
444 701 605 743 conuexae
629 702 708 744 cum
731 682 913 763 prudentia.
945 682 1050 745 Tertio
1066 681 1092 744 si

122 796 200 850 sunt
224 807 386 849 connexae
410 807 486 849 cum
510 788 687 851 virtutibus
711 787 913 871 theologicis.

198 998 426 1084 Quantum
451 1000 737 1084 adprr’mum‚
755 1011 803 1063 est
831 1001 941 1083 opinio
956 1000 1098 1063 Thomae

124 1125 154 1169 1.
179 1126 211 1169 2.
237 1128 268 1187 q.
293 1106 346 1190 65.
370 1128 400 1169 a.
430 1126 459 1169 1.
488 1108 579 1189 quod
614 1106 750 1170 virtutes
785 1108 925 1170 morales
962 1117 1100 1188 possunt

123 1214 228 1295 accipi
254 1214 304 1276 vel
328 1222 490 1296 quantum
513 1214 556 1276 ad
579 1234 648 1275 esse
672 1212 909 1295 imperfectum,
926 1214 977 1276 vel
993 1234 1097 1296 quan-

123 1329 197 1382 tum
222 1320 266 1381 ad
289 1340 358 1382 esse
381 1319 572 1403 perfectum.
597 1320 713 1383 Primo
737 1321 871 1402 quidem
908 1320 998 1381 modo
1032 1340 1098 1381 oon

123 1437 202 1489 sunt
226 1447 398 1507 connexae,
411 1436 444 1489 et
468 1447 532 1489 una
555 1426 623 1489 sine
646 1428 747 1489 altera
772 1426 882 1489 haberi
906 1435 1023 1508 potest.
1042 1425 1096 1487 Sc-

122 1534 230 1595 cundo
255 1533 345 1596 modo
368 1542 444 1595 sunt
478 1554 639 1595 connexae
664 1534 708 1595 ita
731 1534 821 1615 quod
846 1553 912 1595 una
935 1541 1097 1614 quantum

122 1640 165 1701 ad
190 1660 261 1701 esse
285 1637 465 1721 perfectum
490 1660 557 1702 non
582 1649 690 1721 potest
719 1639 830 1701 haberi
854 1638 922 1701 sine
950 1638 1028 1700 aliis.
1053 1638 1099 1699 Et

122 1746 185 1808 ista
210 1746 374 1808 conclusio
391 1746 552 1828 probatur
566 1747 608 1808 ab
625 1746 695 1827 aliis
710 1746 766 1827 qui
783 1755 964 1827 sequuntur
980 1745 1098 1827 ipsum,

123 1852 186 1914 sic:
213 1852 316 1914 virtus
340 1851 483 1935 perfecta
507 1872 573 1915 non
605 1852 804 1933 compatitur
839 1852 1022 1913 secundum
1046 1851 1100 1911 ali·

123 1980 227 2040 quam
253 1958 490 2040 obliquitatem,
515 1958 592 2040 quia
617 1958 793 2020 habentem
811 1956 946 2040 perficit,
960 1966 993 2019 et
1016 1978 1099 2037 opus

123 2066 194 2147 ejus
218 2066 345 2129 bonum
370 2064 453 2128 redit
475 2086 517 2128 ex
536 2082 571 2144 j.
596 2063 735 2140 Ethic.,·
752 2064 809 2128 sed
833 2063 858 2126 si
882 2064 1017 2126 virtutes
1033 2083 1099 2125 non

122 2181 233 2236 essent
274 2193 445 2245 connexae,
481 2173 583 2234 virtus
626 2181 874 2253 compararetur
917 2170 1098 2232 secundum

123 2279 371 2362 obliquitatem
396 2299 485 2361 ergo.
521 2279 638 2341 Minor
674 2277 843 2359 probatur,
867 2277 945 2358 quia
968 2277 993 2338 si
1016 2285 1100 2337 essct

123 2387 243 2450 vitium
266 2407 344 2448 cum
368 2407 433 2448 una
456 2385 586 2460 virtute,
600 2395 679 2447 tunc
695 2385 919 2465 obliquaretur
943 2382 1097 2464 potentia.

126 2494 327 2574 Exemplum
352 2493 393 2554 de
416 2501 506 2555 casto
522 2501 555 2554 et
578 2512 678 2554 avaro
695 2491 751 2572 qui
768 2511 834 2553 non
853 2488 971 2552 faceret
987 2497 1100 2550 contra

123 2601 308 2662 castitatem
332 2609 466 2681 propter
490 2598 659 2660 avaritiam
684 2597 845 2679 pecuniae.

190 2707 367 2780 Proeterea,
391 2705 493 2768 virtus
516 2713 565 2768 est
589 2704 787 2786 principium
823 2701 979 2783 operandi
1015 2700 1098 2761 dele-

122 2813 285 2876 ctabiliter
307 2833 349 2874 ex
373 2828 403 2892 7.
429 2810 566 2886 Etlcic.,·
583 2813 641 2874 sed
664 2810 689 2872 si
713 2809 831 2890 aliquis
849 2808 982 2870 haberet
998 2827 1098 2867 unam

123 2921 280 2982 virtutem
303 2928 337 2981 et
361 2939 426 2982 nou
462 2917 559 2980 aliam
595 2917 773 2998 aliquando
808 2923 999 2996 operaretur
1023 2932 1098 2972 cum

122 3027 254 3088 tristitia
263 3046 270 3100 ;
295 3047 375 3108 ergo
400 3025 523 3087 habens
547 3045 647 3086 unam
673 3023 827 3084 virtutem
852 3021 950 3082 habet
974 3038 1099 3079 omnes,

123 3133 243 3195 Minor
265 3141 355 3214 patet
380 3133 411 3194 in
435 3153 535 3194 avaro
569 3140 601 3193 ot
629 3140 729 3201 cast0,
766 3129 843 3210 quia
866 3126 891 3188 si
929 3146 1045 3186 avarus
1068 3134 1100 3184 ct

123 3249 236 3303 costus
259 3238 425 3300 contineat
460 3247 593 3320 propter
629 3237 783 3297 virtutem
820 3232 985 3302 castitatis,
1022 3240 1099 3291 tunc

127 3345 191 3408 hoc
216 3346 277 3406 erit
299 3365 377 3407 cum
401 3343 528 3406 tristitia
552 3351 687 3430 propter
710 3360 857 3402 amorem
882 3337 1039 3420 pecuniae.

192 3452 369 3524 Pratum,
395 3449 503 3514 omnis
526 3449 598 3512 finis
622 3469 678 3511 seu
703 3447 806 3508 virtus
825 3445 916 3508 ducit
934 3444 977 3504 ad
1001 3441 1100 3502 finem

126 3559 295 3639 debitum;
320 3559 377 3620 sed
402 3579 467 3619 una
502 3557 604 3618 virtus
641 3574 706 3615 noo
743 3551 890 3633 perducit
925 3548 966 3626 ad
1002 3546 1101 3608 finem

124 3665 285 3738 debitum,
311 3664 431 3728 scilicet
455 3664 497 3726 ad
522 3661 759 3725 beatitudiuem
784 3659 851 3718 sine
875 3657 952 3726 alia;
977 3673 1066 3732 ergo,
