2600 4200
226 213 287 272 292
451 193 526 254 Lm.
553 193 603 254 IV
630 193 936 255 Suureurmnun

199 373 381 452 proximus
405 373 459 432 cui
493 373 738 452 correspondet
770 373 898 433 bonum
932 369 1033 443 fidei;
1071 371 1179 433 aliud

199 489 363 558 tanquam
387 477 466 540 finis
491 479 632 540 ultimus
666 481 721 540 cui
755 478 1000 558 correspondet
1032 479 1176 540 bonum

200 585 318 665 prolis.

290 779 398 843 Tunc
421 781 474 840 nn
508 793 783 842 naouneuauu
821 793 1061 841 ramelenus.
1095 779 1174 842 Ha·

199 888 258 948 bet
282 888 372 949 enim
398 886 482 948 illud
507 895 747 968 argumentum
772 895 843 948 tres
873 898 997 967 partes.
1023 888 1080 947 Ad
1093 890 1172 965 pri-

201 1015 285 1054 mam
307 1000 429 1070 partem
453 1003 548 1073 patet
571 993 664 1073 quod
688 995 755 1054 ista
778 1012 846 1054 non
872 1003 953 1055 sunt
983 995 1050 1054 tria
1071 994 1172 1054 bona

202 1101 405 1162 sacramenti
438 1101 646 1161 matrimonii
671 1110 709 1160 ut
732 1110 785 1161 est
816 1102 956 1182 signum
987 1100 1168 1169 sensibile,

200 1207 261 1268 sed
286 1218 366 1267 sunt
401 1208 466 1268 tria
499 1207 590 1267 bona
624 1207 820 1268 matrinonii
849 1209 985 1286 proprie
1019 1207 1167 1285 accepti,

201 1314 332 1374 scilicet
356 1314 484 1374 vinculi
505 1313 757 1375 indissolubilis
787 1314 957 1375 manentis
983 1322 1063 1392 post
1086 1331 1170 1372 con-

201 1428 358 1490 tractum,
383 1430 418 1480 et
441 1420 527 1481 illud
551 1439 619 1481 non
654 1430 707 1480 est
730 1421 976 1481 inconveniens
998 1437 1076 1480 esse
1105 1419 1170 1479 bo·

201 1545 283 1586 num
318 1525 395 1587 aliis
419 1527 528 1587 bonis.
555 1563 595 1569 —
621 1527 678 1586 Ad
707 1527 873 1586 secundam
901 1532 1028 1603 portem
1063 1545 1168 1607 argu·

201 1634 306 1694 menti
332 1633 408 1694 dico
432 1633 524 1712 quod
548 1651 683 1712 semper
705 1633 832 1694 bonum
856 1629 935 1692 fidei
952 1632 1055 1693 estin
1080 1632 1168 1693 obli-

200 1741 350 1820 gatione,
375 1739 455 1801 licet
480 1759 547 1800 non
573 1758 708 1818 semper
731 1741 777 1800 sit
811 1740 846 1800 in
882 1741 1096 1809 executione,
1120 1741 1168 1800 si·

199 1856 258 1908 cut
282 1854 334 1906 est
357 1847 462 1907 etiam
485 1848 519 1908 in
537 1846 614 1907 aliis
637 1846 870 1908 contractibus
894 1847 1032 1908 mutuis.
1050 1883 1094 1890 -
1110 1848 1171 1906 Ad

200 1956 326 2013 ternum
344 1959 471 2029 partem
496 1955 690 2034 argumenti
714 1953 791 2013 dico
814 1953 907 2032 quod
933 1952 1063 2013 oblatio
1094 1972 1165 2014 non

200 2077 336 2139 semper
360 2069 412 2121 est
436 2059 592 2122 absolute
619 2060 662 2121 ad
698 2060 826 2121 bonum
860 2058 978 2140 prolis,
1004 2059 1065 2121 sed
1099 2060 1166 2123 sub

200 2168 406 2237 conditione,
432 2167 563 2228 scilicet
586 2168 614 2228 si
639 2168 786 2237 eveniat,
811 2178 845 2227 et
878 2187 947 2229 non
982 2186 1167 2248 procuran-

201 2275 281 2335 dum
308 2275 459 2335 studiose
484 2276 680 2354 oppositum
704 2294 747 2335 ne
770 2276 917 2335 eveniat.

602 2801 762 3013 iiii
