2600 4200
313 206 501 269 D1sr1ucr.
527 207 647 270 XLIV
674 207 825 288 Quffisr.
848 208 882 270 ΙΙ
997 229 1058 288 357

208 437 311 501 «Uno
332 438 416 499 dicit
439 438 531 518 quod
554 440 697 518 spiritus
720 440 891 500 cruciatur
925 440 1006 520 igne
1037 441 1090 500 in·

122 554 289 624 quantum
312 544 538 624 apprehendit
554 545 672 624 ignem
690 545 754 606 sub
771 545 938 605 rationem
954 545 1091 606 discon-

122 651 303 712 venientis.
328 649 431 712 Unde
458 648 649 732 Gregorius
683 671 713 728 4.
749 652 878 730 Dz'alog.
914 651 1010 713 dicit:
1044 671 1086 712 eo

122 758 253 836 patitur
275 776 344 837 quo
367 758 471 827 videt,
503 767 538 818 et
571 759 653 838 quia
686 759 827 818 cremari
863 777 899 818 se
934 759 1088 839 respicit,

123 864 303 924 cruciatur.
328 863 483 926 Adducit
506 864 703 944 exemplum
728 883 789 944 per
812 865 1029 926 Avicennam
1055 885 1084 940 9.

123 969 262 1048 Metapk.
287 992 312 1031 c.
348 973 376 1031 8.
413 970 506 1051 quod
540 971 665 1051 aliquis
699 972 870 1033 cruciatur
904 972 1018 1052 magis
1049 973 1084 1033 in

123 1096 246 1138 somno
269 1096 313 1138 ex
341 1077 612 1158 apprehensione
628 1078 844 1157 phantastica
861 1077 1003 1157 alicujus
1020 1078 1087 1139 dis-

123 1184 369 1254 convenientis,
382 1203 485 1264 quam
501 1181 711 1266 affligeretur
726 1185 931 1266 quandoque
947 1186 982 1246 in
998 1185 1091 1266 vigi·

123 1290 171 1351 lia
194 1309 239 1351 ex
262 1291 448 1370 praesentia
471 1290 633 1370 ejusdem.

217 1386 341 1464 Conlr'a,
369 1398 451 1477 quia
466 1397 652 1458 secundum
671 1395 888 1477 Gregorium,
906 1397 961 1456 ubi
973 1405 1081 1475 supra,

123 1505 238 1565 anima
260 1523 329 1565 non
353 1504 464 1565 solum
487 1503 648 1573 videndo,
673 1504 734 1565 sed
757 1505 858 1566 etiam
875 1504 1087 1584 experiendo

124 1610 318 1671 incendium
342 1611 481 1690 patitur.
511 1647 548 1654 -—
572 1610 741 1678 Praeterea,
770 1620 829 1671 aut
855 1629 938 1670 vera
968 1629 1091 1690 appre-

123 1717 287 1778 hensione
311 1716 537 1796 apprehendit
560 1718 676 1798 ignem
701 1727 739 1777 ut
770 1693 1093 1778 disconvenientem'

125 1823 201 1892 sibi,
226 1831 286 1883 aut
308 1819 404 1883 falsa.
430 1821 576 1890 Sinera,
615 1831 752 1902 oportet
785 1841 912 1904 ponere
946 1822 1085 1884 modum

124 1930 224 1990 istius
246 1929 551 1990 disconvenientiae
576 1949 654 2010 quae
679 1948 746 1990 non
771 1939 912 2010 apparet
942 1929 1090 2009 possibi-

125 2036 177 2097 lis
203 2033 240 2098 Si
253 2033 358 2113 salsa,
387 2037 542 2118 sequitur
558 2039 668 2115 primo
697 2037 778 2116 quia
812 2055 879 2097 non
915 2036 957 2096 ab
992 2036 1085 2119 igne,

124 2143 185 2205 sed
208 2163 229 2203 a
251 2163 314 2204 sua
336 2145 564 2205 aestimatione
586 2144 773 2216 cruciatur;
797 2144 937 2211 secundo,
966 2144 994 2204 si
1020 2145 1090 2204 ista

124 2248 211 2311 falsa
234 2251 417 2311 aestimatio
440 2260 494 2311 est
517 2270 537 2311 a
560 2250 646 2319 Deo,
671 2250 768 2311 Deus
791 2252 856 2311 erit
890 2250 1087 2311 immediata

124 2375 228 2417 causa
250 2357 470 2436 deceptionis
496 2356 534 2418 Si
558 2368 672 2419 autem
689 2357 731 2417 ab
745 2357 895 2438 Ange10‚
910 2376 977 2418 non
995 2356 1091 2417 vide·

124 2472 180 2523 tur
202 2464 390 2543 probabile,
414 2465 496 2544 quia
518 2464 706 2525 secundum
731 2462 937 2543 Dionysium
956 2464 1007 2523 De
1022 2464 1084 2523 div.

125 2570 310 2639 nominibus,
339 2570 508 2631 naturalia
530 2570 564 2630 in
596 2571 647 2630 eis
681 2579 763 2630 sunt
795 2569 1085 2649 splendidissima,

125 2696 210 2758 ergo
233 2687 379 2757 possunt
395 2676 597 2738 naturaliter
613 2676 868 2757 apprehendere
884 2676 976 2757 quod
993 2678 1091 2756 ignis

125 2803 193 2845 non
217 2794 270 2845 est
293 2785 344 2846 eis
367 2784 639 2845 disconveniens.

216 2944 406 3007 Seernmo
429 2943 573 3022 opinio
596 2944 680 3004 dicit
703 2942 795 3023 quod
819 2944 961 3022 spiritus
972 2952 1090 3022 potest

124 3052 195 3129 pati
219 3051 301 3130 igne
324 3068 487 3129 corporeo
510 3068 572 3129 per
602 3049 751 3130 aliquem
786 3048 939 3110 habitum
972 3066 1088 3127 super-

124 3156 312 3217 naturalem
337 3165 476 3235 propter
506 3156 707 3217 demeritum
742 3156 872 3235 peccati
898 3154 1013 3215 datum
1032 3173 1092 3214 an·

124 3262 205 3343 gelo
227 3281 288 3323 seu
311 3263 456 3343 spiritui.

155 3440 158 3445 ¹
218 3369 342 3429 Contra.
367 3369 443 3430 Aut
466 3368 525 3429 ille
548 3368 687 3429 habitus
718 3377 771 3429 est
805 3367 992 3447 corporalis
1008 3398 1011 3411 r
1028 3376 1087 3428 aut

124 3474 323 3555 spiritualis
349 3473 386 3537 Si
410 3476 590 3553 corporaln,
633 3477 683 3537 ita
715 3484 831 3554 potest
857 3458 965 3535 'Deus
1004 3475 1087 3535 dare

125 3584 228 3643 istum
251 3582 406 3643 habitum
430 3582 556 3663 angelo
586 3592 625 3643 ut
659 3582 834 3651 inhaereat,
871 3583 959 3642 sicut
993 3581 1089 3660 quod
