2600 4200
237 240 254 296 3
259 237 301 296 50
471 219 545 279 Lm.
572 217 623 279 IV
638 218 955 280 ‘Senten‘nanun
1015 281 1019 292 ,

213 397 273 457 sed
297 396 370 458 sola
405 396 579 457 inclinatio
615 407 746 458 naturae
781 398 824 457 ad
857 397 1001 477 aliquid,
1029 406 1069 458 et
1105 408 1185 459 tunc

213 502 353 582 planum
378 512 430 564 est
453 503 545 582 quod
570 521 637 564 non
661 513 776 582 potest
799 504 935 584 probari
964 505 1184 564 desiderium
1281 515 1282 523 ¹

213 610 367 671 naturale
391 609 433 670 ad
458 609 586 688 aliquid
611 611 677 671 nisi
702 612 813 689 primo
835 611 1000 690 probetur
1035 611 1189 690 possibi-

214 717 293 776 litas
317 717 350 776 in
376 727 497 776 natura
520 715 562 776 ad
587 715 681 785 illud,
707 725 740 775 et
756 735 818 795 per
832 735 1054 796 consequens
1072 737 1094 777 e
1111 735 1189 777 con-

214 841 314 882 verso
339 823 515 902 arguendo
539 831 592 882 est
607 823 729 902 petitio
740 823 913 903 principii;
931 833 990 883 aut
1006 825 1192 902 quaeritur

213 929 256 990 de
279 929 448 990 desiderio
473 929 619 990 naturali
643 931 758 990 minus
781 931 918 1009 proprie
952 931 1062 999 dicto,
1092 929 1191 1012 quod

214 1035 344 1096 scilicet
368 1045 421 1096 est
448 1045 545 1097 actus
580 1035 725 1104 elicitus,
760 1048 795 1097 et
829 1047 910 1097 tunc
945 1038 1076 1098 iterum
1118 1055 1191 1096 non

212 1152 328 1221 potest
351 1127 487 1221 probari
512 1143 603 1222 quod
628 1143 767 1222 aliquod
790 1143 996 1204 desiderium
1020 1143 1191 1206 elicitum

214 1251 259 1310 sit
283 1243 436 1310 daturale
461 1249 526 1309 isto
550 1250 651 1310 modo
664 1251 730 1310 nisi
754 1252 850 1330 prius
884 1250 1048 1329 probetur
1088 1250 1192 1330 quod

214 1356 257 1415 ad
282 1357 371 1416 idem
396 1357 441 1416 sit
463 1355 669 1416 desiderium
695 1357 847 1417 naturale
871 1358 982 1435 primo
1004 1357 1129 1420 modo,

558 1601 741 1682 QUAESTIO
765 1603 827 1666 ΠΙ.
862 1573 866 1582 ’

329 1747 386 1807 Ad
405 1749 528 1806 tertiam
556 1746 764 1820 Quoeslionem
786 1749 831 1806 sic
847 1749 1046 1824 proceditur.-

304 1905 451 1968 Videtur
475 1908 566 1987 quod
586 1916 782 1986 corruptum
799 1907 909 1986 possit
925 1907 1012 1967 idem
1030 1924 1184 1967 numero

216 2015 326 2075 redire
349 2033 410 2094 per
434 2025 599 2084 naturam,
624 2015 706 2094 quia
728 2015 819 2076 omni
841 2014 1004 2093 potentiae
1021 2016 1182 2092 passivae

215 2122 361 2183 naturali
386 2123 570 2202 respondet
593 2124 747 2201 potentia
770 2123 883 2181 activa
906 2122 1080 2193 naturalis
1095 2122 1180 2183 alio·

215 2230 298 2309 quin
322 2239 414 2290 esset
437 2228 582 2301 frustra;
608 2229 669 2289 sed
693 2230 726 2289 in
751 2236 911 2309 corrupto
945 2238 996 2288 est
1019 2229 1181 2307 potentia

216 2338 357 2416 passiva
381 2336 545 2396 naturalis
569 2336 610 2395 ad
628 2335 839 2396 identitatem
856 2335 1074 2405 numeralem,
1092 2338 1179 2415 quia

216 2452 412 2521 corruptum
437 2452 489 2501 est
520 2443 554 2503 in
589 2443 706 2502 eadem
742 2442 896 2522 potentia
929 2442 964 2502 in
998 2461 1067 2520 qua
1101 2452 1179 2504 erat

218 2558 400 2627 antequam
425 2558 655 2629 generaretur,
673 2547 750 2608 ideo
773 2558 970 2627 corruptum
993 2559 1110 2627 potest
1127 2568 1179 2610 re·

217 2656 288 2715 dire
313 2656 402 2715 idem
428 2674 568 2715 numero
591 2674 652 2734 per
675 2664 842 2715 naturam.

310 2763 424 2822 Contra
450 2770 503 2822 est
527 2760 758 2840 Philosophus
780 2762 860 2820 ade
870 2768 1013 2837 generat.
1038 2764 1072 2820 in
1086 2764 1172 2842 fine,

216 2870 276 2930 ubi
300 2870 403 2929 dicit:
432 2887 577 2949 quorum
613 2868 806 2928 substantia
837 2868 928 2947 parit
961 2886 1029 2929 non
1064 2888 1180 2932 rever·

216 2985 336 3037 tuntur
358 2976 475 3035 eadem
501 2994 651 3036 numero,

307 3081 350 3143 IN
374 3096 459 3143 ISTA
483 3080 719 3162 QUAESTIONE
748 3090 829 3141 sunt
859 3089 928 3141 tres
952 3082 1101 3144 Articuli
1126 3102 1180 3144 se·

218 3190 366 3251 cundum
391 3200 460 3251 tres
485 3191 672 3268 opiniones.

286 3386 290 3399 '
315 3385 403 3449 Una
430 3384 574 3465 opimio
608 3386 700 3454 dicit,
736 3392 775 3446 ut
808 3385 930 3446 recitat
952 3384 1179 3465 Augustinus

216 3512 265 3569 13.
290 3494 328 3551 de
355 3494 419 3552 Cio.
445 3494 511 3551 Dei
531 3512 555 3552 c.
581 3511 629 3568 13.
655 3492 747 3571 quod
766 3504 846 3573 post
860 3492 1038 3554 circuitum
1055 3493 1175 3572 magni

217 3600 309 3667 anni,
334 3600 422 3659 idest
444 3619 505 3679 per
528 3600 707 3660 circuitum
731 3601 873 3679 triginta
896 3618 960 3661 sex
971 3598 1102 3660 milium
1117 3618 1179 3660 an·

1156 325 1180 332 -
1272 297 1279 357 l
