2600 4200
366 908 685 1016 Distinetio
725 904 998 1014 XXXVI.

425 1155 544 1235 Solet
574 1158 703 1235 etiam
738 1156 926 1257 quaeri...

380 1280 475 1347 Circa
500 1283 597 1346 istam
621 1282 709 1346 Dist.
738 1280 796 1361 56.
820 1281 989 1363 quaritur.

564 1442 738 1524 Quassrro
762 1442 787 1505 Ι.

365 1602 471 1657 Utrum
489 1601 610 1656 vlrtutes
628 1600 751 1656 morales
768 1600 827 1654 siut
844 1614 988 1655 muuaxae.

262 1746 308 1809 Et
331 1746 457 1809 videtur
480 1745 570 1827 quod
593 1765 670 1819 non,
695 1743 773 1825 quia
797 1744 914 1825 aliquis
948 1752 1057 1824 potest
1090 1762 1163 1805 esse

194 1852 365 1917 inclinatus
388 1853 430 1915 ad
453 1861 562 1915 actum
587 1851 683 1914 unius
706 1850 835 1914 virtutis
858 1859 892 1912 et
914 1870 980 1912 uon
992 1850 1159 1911 adactum

194 1960 338 2037 alterius;
363 1980 442 2041 ergo
467 1966 574 2040 potest
596 1959 764 2040 acquirere
799 1958 953 2019 virtutem
988 1957 1031 2018 ad
1065 1955 1161 2036 cujus

193 2074 305 2130 actum
330 2066 516 2129 naturaliter
538 2064 710 2128 inclinatur
734 2073 767 2127 et
790 2083 855 2127 non
879 2064 921 2127 ad
944 2064 1088 2126 alteram.

240 2189 270 2238 2.
296 2173 464 2248 Praeterea,
488 2174 566 2234 dato
589 2172 679 2254 quod
697 2172 885 2235 naturaliter
908 2171 1076 2233 inclinetur
1113 2170 1158 2231 ad

193 2280 303 2362 plures
314 2280 457 2364 virtutes,
467 2288 577 2341 tamen
591 2287 700 2360 potest
712 2277 882 2341 exercitari
890 2277 975 2339 circa
987 2276 1157 2339 materiam

194 2387 289 2450 unius
313 2386 439 2449 virtutis
462 2395 495 2448 et
518 2406 584 2448 non
608 2385 692 2448 circa
717 2385 888 2447 materiam
912 2383 1050 2457 alterius,
1074 2391 1159 2464 puta

192 2493 276 2556 circa
301 2493 468 2555 materiam
486 2491 694 2566 fortitudinis,
718 2501 751 2554 et
775 2512 840 2554 non
864 2491 949 2553 circa
984 2488 1156 2551 materiam

191 2599 433 2680 temperantiae3
458 2619 537 2681 ergo
561 2607 669 2680 potest
692 2598 859 2679 acquirere
883 2617 984 2660 unam
1001 2596 1155 2658 virtutem

192 2715 225 2770 et
248 2726 314 2768 non
338 2706 445 2778 aliam,
469 2715 501 2768 et
525 2726 580 2787 per
604 2723 806 2786 consequens
828 2705 963 2766 virtutes
986 2722 1051 2765 non
1077 2712 1156 2762 sunt

192 2833 362 2876 connexae.
380 2812 416 2874 In
441 2811 628 2894 oppositum
654 2820 703 2873 est
727 2809 905 2892 Gregorius
920 2829 950 2872 2.
969 2807 1155 2872 Moralium

193 2919 312 2982 dicens:
338 2917 492 3000 Quisquis
516 2940 580 2981 una
603 2901 724 2981 uirtute
747 2918 867 2999 pollere
890 2916 1038 2990 ereditur,
1074 2923 1157 2977 tuuc

193 3026 347 3088 veraciter
370 3026 471 3108 pollet
494 3047 569 3088 cum
586 3024 679 3098 vitiis,
704 3023 788 3086 circa
810 3025 909 3086 aliam
937 3033 1062 3105 partem
1086 3041 1155 3084 non

193 3132 346 3213 subjacet.
372 3133 417 3193 Et
440 3131 510 3194 Lib.
535 3151 588 3214 19.
613 3130 734 3194 ibidem
756 3151 783 3195 c.
810 3147 839 3209 3.
864 3130 940 3193 dicit
975 3129 1065 3211 quod
1087 3147 1157 3190 una

192 3238 296 3301 virtus
312 3239 379 3300 sine
402 3239 463 3300 alia
480 3259 545 3301 nou
569 3249 618 3301 est
640 3239 750 3302 virtus.

240 3359 269 3422 3.
294 3345 463 3418 Praeterea,
489 3345 737 3409 Commentator
772 3365 869 3426 super
902 3343 932 3406 6.
970 3340 1080 3406 Etlric.
1116 3341 1156 3404 in

185 3449 374 3532 principio:
400 3469 465 3513 non
491 3453 651 3514 existente
673 3452 888 3536 temperantia
911 3449 1048 3532 quairter
1070 3459 1158 3512 esset

188 3556 323 3638 justitia.
349 3557 393 3619 Et
417 3559 503 3620 idem
529 3559 606 3621 dicit
641 3560 747 3640 glossa
770 3558 902 3641 Apocal.
939 3577 1035 3638 super
1058 3556 1158 3618 illud:

192 3662 314 3727 Civitas
337 3663 369 3726 in
393 3664 518 3746 quadro
542 3665 648 3746 posita
672 3675 749 3728 erat.
