2600 4200
220 224 280 265 222
455 206 529 266 Lnt.
555 206 606 266 IV
631 204 937 268 Sen'rsutuanun

195 382 372 443 character
396 384 576 445 sacerdotii
601 393 640 445 ut
663 394 716 445 est
739 385 781 445 ad
805 382 1052 446 conficiendum
1077 383 1160 449 Cor·

196 506 261 569 pus
285 487 423 561 Christi,
447 501 562 570 potest
585 508 661 551 esse
685 492 759 555 sine
783 491 843 553 illa
873 501 1044 571 potestate
1078 512 1158 572 quae

196 597 381 660 includitur
416 599 451 658 in
485 598 661 669 clavibus;
698 616 792 679 ergo
828 598 940 658 illz'nor
977 600 1154 678 probatur,

196 705 278 783 quia
302 705 350 765 sic
374 702 440 765 fuit
463 705 498 767 in
522 704 705 785 Apostolis
729 706 763 765 in
788 723 896 775 coena,
921 706 1059 785 quando
1071 706 1156 767 dice·

197 811 298 871 batur
320 812 384 872 eis:
409 810 474 872 hoc
490 808 591 872 facite
608 812 642 871 in
660 829 770 871 meam
787 814 1153 879 commemorationem,

197 918 255 977 ubi
277 918 356 978 data
372 928 425 978 est
440 919 490 978 eis
506 927 660 997 potestas
676 916 875 979 conficiendi
889 916 1153 989 Eucharistiam;

199 1033 353 1103 potestas
376 1035 489 1085 autem
520 1025 669 1085 clavium
709 1024 789 1086 data
828 1034 881 1085 est
911 1027 961 1085 eis
992 1035 1072 1104 post
1110 1044 1158 1085 re·

198 1132 455 1199 surrectionem,
472 1131 567 1207 suan.
593 1150 643 1191 20.
658 1151 669 1187 :
694 1149 838 1210 quorum
863 1132 1063 1191 remiseritis
1093 1141 1155 1191 etc.

203 1237 428 1315 Confirmatur,
445 1238 527 1315 quia
542 1236 737 1317 Episcopus
749 1238 939 1299 ordinando
956 1236 1158 1299 Sacerdotes

198 1345 311 1423 primo
334 1343 416 1404 dicit
450 1345 521 1403 eis:
547 1343 707 1424 Accipite
724 1354 927 1423 potestatem
956 1343 1157 1405 conficiendi

197 1450 252 1510 vel
278 1450 470 1516 celebrandi
487 1448 646 1523 Missam;
664 1460 698 1512 et
714 1451 917 1531 quibusdam
935 1452 1157 1530 interpositis,

198 1558 344 1636 imponit
378 1575 516 1617 manum
541 1576 644 1637 super
668 1568 771 1637 caput
794 1576 910 1618 eorum
935 1559 1066 1619 dicens:
1092 1558 1161 1619 Ae-

198 1665 302 1743 cipite
326 1661 493 1743 Spiritum
511 1661 685 1735 Sanctum,
705 1676 767 1725 ete.
785 1700 826 1708 —n
845 1662 932 1725 Dico
949 1666 1055 1745 igitur
1082 1667 1161 1725 sim·

198 1770 333 1849 pliciter
355 1770 448 1849 quod
472 1780 551 1831 sunt
574 1771 642 1831 duo
667 1771 791 1839 claves,
808 1773 865 1840 ‚ita
888 1771 979 1850 quod
1004 1772 1160 1833 absolute

199 1896 318 1938 verum
353 1886 405 1937 est
428 1877 513 1937 illud
537 1878 678 1937 verbum
704 1876 851 1939 Christi:
877 1876 954 1939 Tibi
983 1878 1071 1939 dabo
1095 1878 1163 1940 cla·

198 2003 261 2044 ves
292 1985 389 2064 regni
414 1983 589 2044 coelorum.

288 2197 352 2259 De
376 2202 540 2275 quarm,
569 2197 700 2257 scilicet
734 2197 881 2276 qualiter
914 2196 1044 2258 habens
1073 2199 1162 2258 istas

199 2304 315 2364 claves
338 2313 452 2382 potest
463 2305 558 2363 exire
575 2304 609 2363 in
627 2313 740 2363 actum
758 2322 883 2374 earum,
902 2303 988 2364 dico:
1005 2306 1163 2382 potentia

201 2411 313 2470 activa
336 2418 388 2469 est
422 2409 560 2488 duplex,
586 2409 717 2472 seilicet
744 2410 926 2486 propinqua
961 2419 995 2470 et
1029 2417 1157 2477 remota,

201 2526 239 2578 ut
272 2525 367 2596 patet
401 2536 429 2591 9.
470 2516 607 2593 Arelapa.
644 2527 678 2576 et
712 2535 740 2576 2.
776 2517 812 2574 de
836 2518 966 2576 Anima.
1002 2515 1164 2577 Potentia

201 2623 314 2683 activa
336 2622 529 2702 propinqua
552 2631 604 2682 est
627 2622 687 2682 illa
711 2623 764 2682 cui
788 2623 904 2682 statim
918 2622 1164 2701 correspondet

199 2730 349 2809 passiva,
362 2738 396 2789 et
414 2727 507 2788 nullo
522 2728 735 2808 prohibente,
747 2739 865 2808 posset
877 2730 971 2788 exire
988 2729 1022 2789 in
1036 2738 1160 2789 actum.

201 2835 361 2896 Potentia
384 2845 496 2896 autem
521 2837 634 2895 activa
657 2845 788 2895 remota
810 2855 878 2896 non
911 2835 1013 2896 habet
1048 2837 1160 2904 istam,

202 2962 270 3003 non
294 2943 384 3002 enim
409 2943 524 3002 statim
548 2943 791 3022 correspondet
815 2943 879 3003 sibi
911 2943 1064 3021 potentia
1086 2961 1164 3021 pas-

202 3051 287 3117 siva,
312 3057 350 3109 ut
373 3050 483 3127 possit
506 3049 601 3109 exire
626 3051 660 3109 in
686 3059 808 3120 actum.
942 3035 943 3040 ἵ

292 3154 351 3214 Ad
374 3156 588 3234 propositum
613 3155 689 3216 dico
713 3155 806 3235 quod
830 3156 896 3217 alia
926 3165 979 3216 est
1009 3163 1163 3234 potestas

201 3261 382 3340 conficiendi
395 3271 429 3321 et
444 3261 511 3322 alia
526 3271 679 3341 potestas
695 3261 879 3322 absolvendi.
897 3261 1059 3322 Potestas
1070 3261 1161 3321 enim

203 3365 403 3429 conficiendi
428 3369 544 3428 statim
568 3368 671 3428 habet
683 3369 859 3428 materiam
872 3369 907 3429 in
919 3377 1049 3437 natura,
1074 3365 1163 3428 scili·

202 3484 257 3534 cet
279 3493 402 3554 panem
426 3477 607 3544 triticeum,
632 3485 666 3535 et
689 3475 764 3536 haee
787 3484 839 3536 est
854 3483 1007 3554 potestas
1019 3493 1085 3535 non
1103 3474 1164 3534 iin-

203 3579 377 3659 pedibilis;
402 3581 492 3641 unde
515 3581 788 3661 quandocunque
819 3579 986 3644 Sacerdos
1017 3587 1163 3664 attentat
