2600 4200
233 275 276 338 68
461 272 535 335 Lrn.
561 271 605 332 111
631 269 924 332 Snnrunrrnnun

210 488 319 562 potest
341 498 410 540 esse
426 472 620 558 inpotentia
643 484 676 536 et
699 475 730 535 ln
744 482 819 535 actu
843 457 989 554 respectu
1009 470 1177 551 ejusdem;

210 586 266 648 sed
290 586 315 646 si
339 585 371 646 in
403 583 550 663 subjecto
582 589 715 666 possent
759 600 828 642 esse
866 579 961 660 plura
995 577 1178 640 accidentia

209 693 356 773 ejusdem
381 689 496 772 speciei
520 689 625 762 simul,
643 698 721 751 ωηο
737 687 823 749 idem
848 695 956 768 potest
978 705 1046 747 esse
1070 685 1101 746 in
1119 704 1180 765 po·

210 798 311 861 tentia
334 807 366 859 et
389 797 421 858 in
445 807 520 858 actu
546 804 692 877 respectu
717 795 865 874 ejusdem
887 793 920 854 in
956 793 1072 872 specie,
1095 793 1177 874 quia

211 915 294 967 esset
318 904 349 964 in
373 912 446 966 acto
472 903 532 965 sub
556 902 664 964 forma
686 922 787 984 quam
827 899 926 962 habet
960 909 993 961 et
1022 909 1107 962 esset
1141 900 1178 962 in

210 1011 355 1093 potentia
379 1010 420 1072 ad
444 1010 540 1071 aliam
566 1027 666 1089 quam
691 1017 799 1089 potest
837 1007 995 1088 recipere;
1020 1007 1076 1068 sed
1111 1007 1180 1068 hoc

210 1127 258 1180 cst
282 1117 410 1179 falsum.

282 1220 421 1290 Contra
446 1221 562 1288 z'stam
585 1219 804 1306 opinionem
818 1221 968 1301 objicitur
981 1221 1087 1301 primo
1099 1241 1184 1283 con-

211 1342 261 1393 tra
275 1331 423 1412 primum
448 1329 622 1402 rnotiomm
636 1329 770 1409 quando
794 1349 936 1410 namque
955 1328 1071 1390 dicitur
1084 1331 1182 1408 quod

210 1438 359 1500 accidens
383 1436 482 1498 habet
505 1437 673 1498 entitatem
697 1457 717 1496 a
739 1435 897 1515 subjecto,
912 1443 968 1496 aut
1000 1434 1061 1497 hoc
1085 1435 1185 1497 intel-

211 1545 319 1626 ligitur
333 1543 508 1605 formaliter
526 1544 575 1604 vel
588 1542 757 1605 causaliter
769 1551 826 1604 aut
840 1541 1053 1604 materialiter.
1067 1542 1099 1605 Si
1112 1541 1184 1604 sor-

213 1651 337 1713 maliter
352 1649 414 1712 hoc
427 1669 492 1712 non
508 1658 614 1730 potest
626 1659 710 1711 stare
723 1658 855 1731 propter
867 1649 944 1710 duo,
960 1647 1076 1711 Primo
1098 1651 1184 1730 quia

211 1767 288 1819 tunc
303 1759 393 1819 Deus
417 1776 482 1818 non
497 1765 604 1836 potest
617 1755 720 1817 facere
732 1755 881 1817 accidens
897 1754 965 1818 sine
980 1755 1127 1836 subjecto
1150 1758 1181 1818 si

209 1865 326 1926 entitas
349 1871 381 1924 et
406 1863 513 1925 unitas
536 1862 710 1926 accidentis
733 1870 838 1923 essent
861 1860 1037 1924 formaliter
1057 1863 1184 1926 entitas

210 1981 243 2033 et
267 1971 372 2032 unitas
396 1969 547 2049 subjecti;
571 1971 707 2031 socrtodo
730 1969 807 2050 quia
829 1978 908 2031 tunc
943 1969 1018 2030 duae
1056 1969 1184 2032 albedi-

213 2095 268 2139 nes
292 2085 398 2138 essent
421 2096 523 2137 unum
549 2095 686 2138 numero
702 2075 791 2157 quod
815 2082 906 2157 patet
917 2075 979 2137 sic:
996 2084 1066 2138 esto
1082 2077 1181 2157 quod

211 2193 312 2245 sortes
336 2183 382 2244 sit
411 2202 498 2244 nunc
529 2183 622 2244 albus
654 2193 686 2244 et
721 2192 834 2264 postea
870 2182 961 2264 niger
995 2194 1029 2245 et
1056 2183 1181 2247 iterum

210 2291 312 2362 albus,
326 2297 405 2352 tunc
428 2289 453 2350 si
477 2289 593 2351 albedo
609 2289 649 2350 sit
674 2310 738 2352 una
762 2288 937 2351 forinaliter
961 2289 1084 2351 unitate
1100 2291 1184 2353 sub·

208 2396 293 2477 jecti,
318 2416 395 2458 cum
421 2396 526 2459 unitas
549 2396 684 2477 subjecti
698 2418 824 2477 semper
850 2405 960 2458 manet
981 2397 1098 2458 eodem
1118 2417 1185 2460 nu-

211 2523 311 2578 rnero,
339 2502 484 2585 sequitur
507 2504 597 2584 quod
621 2504 690 2565 istae
703 2503 866 2565 albedines
889 2512 1100 2565 eruntunum
1114 2524 1182 2566 nu·

211 2630 310 2671 mero
337 2608 370 2671 Si
394 2618 504 2670 autem
528 2609 726 2691 intelligatur
749 2610 916 2672 causaliter
933 2619 1011 2671 ωηο
1032 2630 1097 2671 ηοη
1121 2631 1185 2674 va-

211 2716 254 2777 let
277 2716 319 2777 ad
344 2716 561 2797 propositum,
575 2716 651 2797 quia
674 2717 716 2778 ab
739 2717 856 2778 eodem
868 2716 1026 2778 efficiente
1038 2729 1186 2797 possunt

209 2842 279 2885 esse
304 2822 396 2883 multi
420 2820 554 2883 effectus
577 2822 646 2885 solo
663 2842 799 2884 numero
812 2822 1002 2884 differentes.
1017 2822 1051 2886 Si
1063 2832 1185 2887 autem

211 2927 408 3010 intelligatur
434 2928 646 3003 materialiter,
669 2929 814 2991 concedo
837 2930 926 3010 quod
951 2948 1016 2990 una
1040 2930 1186 2994 materia

210 3042 258 3095 est
282 3034 485 3097 diversorum
510 3054 647 3096 numero
670 3034 703 3095 in
726 3035 840 3096 eadem
864 3035 1025 3115 specie,et
1048 3034 1073 3096 si
1094 3037 1187 3099 acci-

212 3140 261 3222 pis
284 3140 472 3222 oppositum
498 3140 580 3223 petis
604 3140 809 3223 principium.

283 3244 402 3310 Contra
425 3247 599 3309 secundum
624 3247 781 3312 motivum
794 3248 943 3329 objicitur
955 3248 1017 3310 sic:
1035 3249 1076 3310 ad
1095 3248 1186 3314 illud

209 3362 260 3414 est
284 3354 417 3415 materia
441 3354 547 3435 primo
571 3354 602 3415 in
627 3356 773 3435 potentia
785 3356 874 3436 quod
898 3355 1005 3437 primo
1028 3356 1188 3419 introdu-

209 3459 291 3521 citur
315 3481 372 3541 per
397 3469 542 3541 motum3
566 3461 622 3523 sed
646 3462 725 3523 illud
749 3463 839 3543 quod
864 3462 970 3543 primo
1000 3461 1188 3525 introduci-

210 3576 263 3627 tur
287 3588 343 3648 per
369 3576 496 3629 motum
521 3588 587 3629 non
611 3577 660 3630 est
683 3568 818 3630 materia
841 3567 1002 3651 specifica,
1031 3569 1088 3630 sed
1128 3584 1188 3635 est

211 3670 283 3733 haec
307 3670 427 3749 sorma;
452 3692 531 3755 ergo
557 3674 691 3737 materia
713 3684 762 3737 cst
786 3676 891 3757 primo
914 3676 947 3737 in
970 3674 1118 3757 potentia
1134 3680 1188 3741 ad
