2600 4200
326 267 512 331 D1sr1ncr.
537 268 602 330 VII
627 265 775 348 Quasr.
800 269 829 331 11
1009 269 1051 347 63

177 471 233 534 Ad
258 473 486 554 Augustinum
510 493 588 535 vero
611 473 729 538 dicitur
752 474 842 555 quod
866 473 1075 555 Augustinus

119 575 256 661 intelligit
291 581 334 642 de
368 581 551 662 praedicatis
585 580 742 642 absolutis
775 581 817 642 ad
851 580 945 652 intra,
974 579 1076 642 homo

118 694 218 746 autem
241 695 292 748 est
316 687 529 768 praedicatum
553 687 741 749 absolutum
764 687 808 748 ad
829 695 933 748 extra.

177 793 233 855 Ad
252 805 410 874 quartum
435 802 525 875 patet
548 815 591 856 ex
614 792 709 856 dictis
724 794 756 855 in
772 794 916 856 secundo
939 794 1075 855 articulo

118 897 141 957 si
161 899 217 960 ista
239 900 423 982 propositio
445 911 494 963 est
516 921 593 964 vera
616 921 675 982 per
696 921 731 963 se
753 901 804 962 vel
828 921 886 982 per
915 900 1075 964 accidens,

392 1077 396 1084 '
479 1078 655 1160 Qunsrro
679 1079 718 1141 ΙΙ.

425 1237 571 1302 Secundo
594 1239 764 1322 quaeritur.

232 1396 343 1452 Utrum
361 1397 422 1452 huo
438 1397 477 1452 sit
495 1412 562 1452 vera
579 1396 657 1452 Deus
672 1399 718 1490 pst
736 1397 830 1452 taetus
847 1396 939 1450 torno.

177 1540 318 1606 Videtur
341 1541 431 1624 quod
455 1563 531 1616 non,
556 1535 632 1624 quia
656 1543 681 1604 si
705 1541 777 1604 haee
807 1550 855 1604 est
879 1560 971 1602 vera:
985 1542 1077 1602 Deus

116 1655 160 1708 est
181 1647 286 1712 sactus
322 1649 434 1723 horno,
469 1649 612 1731 sequitur
636 1649 727 1731 quod
762 1651 853 1713 Deus
886 1656 934 1709 est
961 1646 1074 1711 sactus.

118 1751 263 1818 Probatio
286 1757 517 1838 consequentiae
539 1756 616 1838 quia
631 1756 777 1838 sequitur
799 1755 831 1817 in
854 1754 948 1816 simili
976 1763 1077 1816 sortes

116 1869 162 1921 est
182 1861 287 1925 sactus
312 1863 431 1938 homo;
455 1884 534 1946 ergo
557 1872 605 1926 est
628 1861 742 1925 sactus.

180 1985 208 2032 2.
232 1969 404 2044 Praeterea,
418 1971 489 2032 haec
513 1970 692 2052 propositio
715 1969 748 2030 in
771 1989 837 2050 qua
859 1968 991 2050 ponitur
1014 1967 1076 2029 hoc

117 2073 246 2138 verbum
263 2077 315 2161 fit
340 2096 404 2140 non
432 2086 480 2140 est
503 2097 579 2139 vera
614 2076 672 2139 nisi
707 2076 890 2157 subjectum
916 2082 1075 2150 mutetur;

116 2183 169 2243 sed
180 2184 210 2245 in
225 2184 347 2257 Deum,
364 2184 419 2266 qui
435 2194 483 2247 est
499 2184 693 2265 subjectum,
710 2183 798 2245 nulla
813 2183 900 2245 cadit
921 2181 1058 2244 mutatio
1068 2201 1075 2256 ;

118 2308 201 2373 ergo.

182 2396 315 2470 Contra,
343 2398 376 2460 in
398 2398 572 2479 symbolo:
598 2398 704 2459 Natus
737 2418 780 2459 ex
804 2397 906 2459 Maria
942 2395 1078 2476 Virgine

117 2513 147 2565 et
170 2504 270 2568 homo
294 2503 399 2567 factus
421 2515 478 2567 est.
498 2504 543 2567 Et
566 2504 775 2587 Augustinus
791 2523 959 2584 exponens
982 2501 1075 2563 illud:

119 2608 261 2675 Verbum
286 2630 363 2673 caro
387 2610 509 2674 factum
533 2622 590 2685 est,
604 2611 682 2673 dicit
705 2611 795 2693 quod
822 2631 898 2673 caro
921 2607 1077 2689 accipitur

41 2780 44 2788 ,
120 2736 173 2797 pro
196 2716 342 2781 homine.

180 2826 220 2887 IN
245 2838 328 2887 ISTA
353 2838 573 2901 QUAESTIONE
597 2834 673 2887 sunt
697 2824 790 2886 multi
826 2823 914 2885 modi
949 2822 1076 2885 dicendi

117 2931 156 2992 de
176 2932 297 3015 quibus
320 2931 362 2993 ad
385 2952 529 3013 praesens
551 2941 664 3012 repeto
687 2933 779 2993 duos.

185 3034 297 3107 Unus
320 3039 397 3100 dicit
426 3039 516 3120 quod
556 3040 590 3119 ly
620 3040 753 3121 sactum
788 3047 845 3100 aut
883 3038 1077 3099 determinat

117 3144 299 3225 subjectum
323 3155 404 3226 puta
428 3147 537 3208 Deum
569 3155 626 3207 aut
661 3146 875 3226 praedicatum
911 3153 991 3225 puta
1022 3143 1077 3205 ho

121 3250 248 3315 minem.
274 3251 307 3315 Si
320 3252 514 3314 determinat
526 3252 710 3332 subjectum
724 3261 760 3314 ut
776 3252 901 3314 dicatur
913 3252 972 3313 sic:
987 3250 1077 3312 Deus

119 3354 220 3421 iactus
242 3368 292 3421 est
315 3358 426 3432 hom0,
451 3366 530 3421 tunc
554 3358 733 3441 propositio
755 3368 804 3421 est
827 3358 914 3431 salsa,
940 3358 1016 3439 quia
1045 3358 1076 3419 in

121 3460 191 3527 Deo
214 3465 302 3527 nulla
324 3465 411 3527 cadit
435 3464 541 3528 factio.
568 3465 601 3529 Si
625 3474 738 3528 autem
771 3466 966 3528 determinat
997 3485 1078 3544 prae-

120 3569 261 3634 dicatum
285 3581 321 3634 ut
344 3572 471 3634 dicatur
494 3572 552 3635 sic:
567 3573 659 3635 Deus
671 3581 719 3635 est
742 3571 847 3635 factus
862 3571 974 3643 hom0,
999 3580 1078 3633 tunc

120 3678 295 3760 propositio
318 3689 367 3742 est
391 3699 475 3741 vera.
