2600 4200
351 222 538 284 Disrisc'r.
566 223 638 284 XII
663 222 815 303 QuAEsT.
842 223 874 284 ll
1016 228 1073 304 165

136 403 234 471 sivae‚
259 410 293 462 et
317 401 502 462 secundum
527 401 592 461 hoc
618 412 758 481 apparet
771 402 893 462 melior
915 412 950 461 et
973 400 1102 482 perlec-

136 509 203 568 tior
229 509 429 587 quantitate.

227 614 282 674 Ad
301 620 498 691 argumenta,
528 624 640 674 autem
667 615 849 693 opinionis
861 617 1004 692 primum
1029 635 1099 676 non

136 720 240 790 valet,
265 721 346 800 quia
369 720 500 781 nullum
525 719 587 782 ens
614 730 667 780 est
700 718 888 782 formaliter
921 721 1101 802 singulare

135 845 198 906 per
221 826 359 907 aliquod
383 827 524 888 alterius
548 829 706 908 generis3
731 837 812 888 sunt
845 829 935 888 enim
969 829 1101 889 coordi-

136 935 294 994 nationes
333 932 675 1014 praedicamentorum
714 935 824 1014 primo
863 935 1020 1003 diversae,
1060 944 1100 996 ut

135 1039 372 1101 declarabatur
396 1041 430 1100 in
456 1041 615 1108 secundo,
640 1050 675 1101 et
698 1041 775 1100 ideo
810 1037 933 1102 falsum
958 1043 1102 1102 assumi·

136 1157 192 1207 tur
215 1147 352 1227 quando
376 1148 500 1210 dicitur
523 1148 614 1227 quod
639 1149 755 1208 omnia
777 1148 965 1209 accidentia
977 1149 1101 1209 indivi-

135 1254 284 1314 duantur
307 1273 369 1333 per
391 1256 614 1334 quantitatem
639 1251 836 1314 formaliter.

226 1361 384 1419 Similiter
405 1362 570 1420 secundum
595 1362 637 1421 de
661 1361 814 1423 sensibili
829 1380 896 1422 non
914 1360 1098 1434 concludit;

136 1467 299 1528 sensibile
323 1468 413 1527 enim
438 1477 551 1547 potest
575 1467 640 1528 dici
666 1467 722 1528 vel
746 1468 837 1547 quod
862 1478 914 1529 est
931 1469 965 1529 in
981 1477 1101 1548 poten·

136 1575 185 1634 tia
207 1583 347 1642 remota,
373 1583 411 1635 ut
434 1575 609 1644 sentiatur,
635 1574 691 1634 vel
716 1575 750 1635 in
785 1577 940 1655 potentia
962 1576 1101 1655 propin·

135 1699 214 1760 qua,
240 1679 279 1741 In
304 1682 458 1760 potentia
480 1682 571 1741 enim
595 1690 727 1741 remota
741 1690 794 1742 est
811 1681 978 1761 quidquid
995 1681 1099 1742 habet

135 1785 279 1848 formam
304 1785 537 1858 sufficientem,
563 1807 630 1848 non
665 1796 780 1848 tamen
807 1789 872 1849 sub
895 1788 997 1848 modo
1020 1807 1100 1848 con-

135 1895 287 1955 venienti
312 1895 377 1954 sub
400 1913 468 1974 quo
480 1903 615 1973 oportet
631 1912 709 1955 eum
726 1894 851 1955 habere
864 1895 905 1954 ad
922 1895 987 1954 hoc
1004 1895 1098 1973 quod

135 2002 310 2061 sentiatur.
337 1999 376 2060 ln
400 2001 554 2080 potentia
577 2009 690 2061 autem
715 2002 918 2080 propinqua,
932 2000 1024 2080 quod
1041 2000 1100 2061 ha-

134 2108 193 2169 bet
216 2126 302 2177 eam,
328 2117 365 2168 ut
389 2108 502 2169 statim
528 2118 684 2169 cessante
708 2108 952 2187 impedimento
978 2118 1099 2188 posset

135 2216 231 2295 sequi
257 2224 373 2285 actus;
399 2232 483 2295 ergo
508 2214 628 2275 albedo
653 2223 811 2295 separata
833 2216 899 2276 erit
922 2214 1098 2276 sensibilis

134 2323 169 2381 in
204 2323 358 2401 potentia
392 2332 531 2390 remota,
567 2321 627 2382 sed
663 2340 730 2382 non
767 2323 801 2381 in
836 2323 991 2401 potentia
1021 2342 1098 2401 pro-

134 2429 272 2507 pinqua.

224 2535 280 2593 Ad
300 2536 425 2593 tertium
450 2534 527 2594 dico
550 2533 642 2612 quod
659 2534 808 2614 qualitas
824 2546 981 2614 separata
1004 2544 1097 2596 esset

134 2641 332 2721 corporalis,
358 2642 438 2721 quia
464 2650 555 2701 esset
579 2640 781 2720 simpliciter
804 2641 1029 2702 determinata
1052 2642 1096 2703 ad

135 2745 378 2827 perficiendum
407 2766 544 2827 corpus;
571 2747 631 2808 sed
663 2747 849 2809 secundum
882 2750 961 2826 quid
980 2758 1097 2828 potest

135 2854 201 2914 dici
228 2855 437 2933 incorporea.
462 2856 544 2933 quia
567 2873 635 2915 non
660 2863 712 2915 est
736 2865 813 2915 actu
839 2857 872 2915 in
897 2874 1048 2935 corpore.

223 2960 278 3019 Ad
308 2967 466 3037 quartum,
506 2980 573 3021 non
608 2960 711 3022 habet
740 2964 985 3041 apparentiam,
1014 2964 1098 3041 quia

133 3068 222 3127 sicut
246 3066 334 3146 lapis
359 3086 425 3128 non
449 3077 563 3148 potest
587 3086 663 3128 esse
687 3070 834 3147 sapiens,
852 3070 1018 3148 quianon
1042 3078 1096 3129 est

133 3174 328 3252 receptivus
351 3174 540 3253 sapientire,
565 3176 613 3235 ita
637 3175 783 3255 angelus
806 3186 920 3255 potest
946 3195 1022 3235 esse
1050 3175 1097 3235 al-

130 3280 207 3349 bus,
232 3282 314 3359 quia
338 3300 405 3343 non
430 3291 482 3342 est
505 3283 701 3362 receptivus
725 3281 805 3366 talis
828 3280 958 3350 formae‚
972 3291 1006 3341 et
1029 3283 1095 3342 hoc

132 3396 273 3466 propter
296 3388 567 3449 inextensionem
593 3388 718 3469 angeli,
744 3388 799 3448 vel
824 3388 887 3448 hoc
911 3408 956 3449 ex
973 3398 1097 3449 natura

133 3490 317 3555 formarum
343 3495 376 3555 in
402 3514 449 3564 se,
474 3495 634 3556 videlicet
658 3497 738 3575 quia
769 3495 915 3576 angelus
938 3505 991 3555 est
1014 3494 1096 3555 talis

132 3598 243 3661 forma
267 3610 300 3660 et
325 3601 445 3661 albed'o
469 3601 548 3663 talis
571 3600 690 3662 forma.
