2600 4200
247 219 310 294 356
462 216 537 277 Ine.
564 215 615 276 IV
640 213 946 278 SENTENTIARUM

315 448 374 510 Ao
412 459 686 508 Anfioirenron
726 449 759 505 in
793 447 997 514 contrarium,
1039 446 1198 506 concedo

221 555 314 636 quod
338 574 406 616 non
422 556 488 614 erit
499 554 589 616 idern
602 555 734 614 instans
746 553 1005 614 resurrectionis
1023 553 1196 620 omnium,

221 664 303 742 quia
326 663 361 724 in
385 662 526 722 instanti
551 661 811 721 resurrectionis
834 660 945 738 primo
972 668 1194 720 mortuorum

222 769 333 830 adhuc
356 768 461 848 aliqui
486 769 606 828 vivent
629 767 702 828 vita
724 765 870 833 mortali.
895 774 929 826 et
961 767 1018 827 isti
1053 765 1198 826 solvent

221 884 366 938 mortem
390 885 424 935 et
447 884 568 954 postea
590 881 782 954 resurgent.

579 1217 762 1298 QUAEsclo
780 1217 823 1278 ΙΙ.

322 1380 378 1438 Ad
396 1380 562 1441 secundam
589 1379 799 1452 Quoestionem
822 1380 866 1437 sic
883 1379 1086 1455 proceditur:

311 1556 459 1618 Videtur
488 1557 581 1636 quod
616 1557 709 1637 ignis
743 1553 920 1618 infernalis
954 1573 1022 1616 non
1059 1557 1195 1617 cruciet

146 1681 153 1694 ·
222 1664 364 1743 spiritus
398 1664 581 1744 malignos,
617 1665 698 1742 quia
733 1681 841 1743 agens
875 1671 928 1723 est
961 1664 1193 1741 praestantius

166 1834 168 1837 ,
221 1771 387 1849 patiente;
412 1770 473 1831 sed
496 1789 621 1850 corpus
644 1788 713 1830 non
730 1779 782 1830 est
798 1770 1021 1849 praestantius
1045 1770 1192 1848 spiritu;

221 1879 329 1957 igitur
353 1877 483 1938 nullum
507 1895 632 1955 corpus
656 1877 729 1956 agit
753 1877 787 1937 in
812 1877 979 1954 spiritum.
1006 1873 1076 1937 Sed
1093 1877 1191 1957 ignis

221 1982 398 2044 infernalis
422 1994 474 2044 est
504 2001 702 2062 corporeus;
740 1984 846 2064 igitur
880 1983 973 2064 ignis
1007 1979 1191 2044 infernalis

221 2111 289 2152 non
314 2092 442 2152 cruciet
465 2090 638 2171 malignos
663 2091 814 2169 spiritus.

315 2200 439 2258 Contra.
466 2198 579 2258 illalth.
604 2217 655 2274 25.
680 2197 818 2258 dicitur:
860 2194 910 2257 Ite
944 2196 1117 2257 maledicti
1151 2198 1188 2257 in

221 2306 339 2385 ignem
364 2316 541 2373 aeternum,
566 2315 628 2365 etc.

311 2410 484 2473 Vennns
509 2424 628 2473 lsrios
654 2407 898 2489 QnAEsnonis
914 2409 1019 2471 claret
1035 2428 1081 2470 ex
1093 2409 1190 2471 dicto

221 2516 413 2579 Salvatoris
434 2519 504 2597 jam
528 2518 689 2598 allegato
714 2526 748 2577 et
770 2535 832 2595 per
862 2514 1102 2597 Augustinum
1136 2536 1185 2576 12.

222 2626 273 2683 De
301 2627 366 2685 Cz'v.
393 2626 459 2685 Dei
479 2645 527 2687 10.
553 2624 611 2685 ubi
636 2624 734 2685 dicit:
759 2622 828 2685 Cur
852 2642 919 2684 non
944 2624 1098 2684 dicamus
1119 2625 1190 2703 spi·

221 2733 307 2792 ritus
345 2733 564 2811 incorporeos
598 2748 700 2810 posse
735 2749 839 2809 poena
872 2728 1059 2809 corporalis
1090 2730 1187 2810 ignis

220 2834 1184 2919 fflfflffifflfflRfflfflmofflwss

220 2946 404 3007 dicentem:
430 2942 468 3005 Si
492 2945 659 3012 diabolus,
677 2945 799 3023 inquit.
816 2944 957 3023 ejusque
973 2942 1087 3024 angeli
1105 2960 1183 3005 cum

219 3053 289 3113 sint
331 3053 519 3130 incorporei
556 3068 720 3129 corporeo
755 3060 836 3111 sunt
882 3052 962 3132 igne
997 3051 1182 3121 cruciandi,

220 3158 304 3236 quid
327 3158 450 3219 mirum
476 3159 505 3218 si
539 3159 664 3217 animae
700 3167 881 3237 antequam
917 3157 1082 3236 recipiant
1113 3174 1186 3218 cor·

220 3284 304 3344 pora
327 3266 461 3343 possint
484 3283 646 3343 corporea
670 3274 840 3324 tormenta
864 3264 999 3325 sentire.
1014 3258 1083 3325 Sed
1100 3260 1183 3324 diffi-

220 3371 331 3431 cultas
354 3382 407 3431 est
430 3370 585 3431 invenire
609 3371 883 3449 possibilitatem.
919 3356 1099 3449 quomodo'
1117 3371 1185 3449 spi·

221 3479 307 3538 ritus
331 3486 445 3556 potest
468 3478 539 3556 pati
563 3477 606 3537 ab
630 3478 712 3558 igne
735 3496 907 3557 corporee.
933 3474 979 3537 Et
1002 3476 1090 3537 circa
1117 3476 1183 3537 hoc

220 3593 301 3643 sunt
325 3593 472 3661 quatuor
495 3585 684 3663 opiniones.
