2600 4200
241 223 302 298 362
467 219 542 281 Lrss.
569 219 620 282 IV.
645 217 952 280 Saursurmnuu
1286 1 1297 354 ἦ

215 401 298 478 quia
321 399 385 459 etsi
408 400 519 478 possit
543 408 688 476 utraque
712 407 794 458 tunc
818 397 909 478 poni,
934 419 979 457 ex
1009 419 1038 458 r.
1070 401 1189 466 Artis„
1296 391 1297 450 ἒ

216 515 330 566 tamen
354 505 457 566 realis
480 524 548 566 non
572 503 698 565 faceret
733 505 880 584 aliquem
915 504 1076 565 dolorem
1116 508 1195 566 sine

216 612 442 680 intentionali,
468 630 530 672 nec
554 612 656 672 etiam
674 630 751 672 cum
770 611 1003 684 intentionali;
1030 613 1097 673 sed
1115 613 1193 676 sola

217 719 409 779 immutatio
434 717 667 778 intentionalis
690 715 817 778 faceret
843 718 1005 802 dolorem.
1033 717 1072 779 Si
1100 739 1192 801 ergo
1297 749 1298 806 3

216 825 395 905 pluralitas
419 844 486 884 non
511 825 558 885 sit
583 823 742 904 ponenda
776 825 850 886 sine
873 826 1091 894 necessitate,
1118 825 1192 890 suf-

215 931 287 992 ficit
321 951 447 1010 ponere
481 931 589 992 solam
626 931 893 992 intentionalem.
927 967 968 974 -
1004 931 1182 1000 Praeterea,

216 1057 406 1118 congruum
431 1047 484 1098 est
507 1039 597 1098 circa
619 1038 799 1098 damnatos
826 1057 953 1118 ponere
989 1039 1037 1098 ita
1071 1058 1188 1118 pauca
1298 1081 1299 1098 .

216 1145 381 1206 miracula
404 1146 492 1206 sicut
515 1145 681 1224 possibile
705 1154 778 1214 est;
803 1145 864 1206 sed
894 1145 1054 1224 ponendo
1078 1147 1185 1206 actio-

217 1270 294 1312 nem
318 1251 453 1321 realem,
478 1261 613 1312 etcum
638 1251 702 1312 hoc
727 1269 866 1312 neeesse
889 1260 942 1312 est
976 1251 1186 1314 intentiona-

217 1359 283 1419 lem
317 1376 455 1437 ponere,
480 1359 617 1419 videtur
642 1358 735 1437 quod
769 1367 904 1438 oportet
927 1377 1055 1440 ponere
1090 1360 1183 1420 circa

215 1484 276 1525 eos
299 1463 398 1544 plura
421 1465 586 1525 miracula
619 1483 720 1544 quam
757 1465 915 1544 ponendo
939 1465 1048 1525 solam
1072 1465 1183 1528 inten-

217 1571 399 1642 tionalem;
425 1589 519 1651 ergo

306 1784 368 1844 Ao
398 1796 672 1844 ARGUMENTUM
698 1785 945 1844 tricennarium
976 1785 1054 1845 dico
1087 1784 1179 1864 quod

216 1891 276 1952 illa
299 1893 484 1951 auctoritas
508 1896 536 1951 6.
569 1891 671 1968 Topt'c.
698 1890 833 1952 videtur
857 1890 1049 1970 improbare
1077 1893 1180 1954 actio-

216 2014 294 2058 nem
318 1999 442 2058 realem
468 1999 560 2077 ignis
584 1999 618 2058 in
642 2015 777 2076 corpus,
803 2015 870 2058 non
894 1998 1180 2060 autemintentio-

216 2106 338 2166 nalem.
364 2103 433 2165 Sed
457 2107 485 2165 si
510 2105 612 2167 realis
632 2114 789 2184 ponatur,
806 2113 941 2185 oportet
956 2106 1070 2165 dicere
1086 2106 1179 2185 quod

216 2214 407 2292 propositio
429 2222 482 2273 est
506 2232 589 2272 vora
611 2220 777 2291 quantum
802 2220 854 2271 est
877 2230 922 2273 ex
945 2222 1042 2291 parte
1062 2231 1178 2273 causae

217 2321 382 2380 naturalis
417 2319 570 2379 dimissae
606 2318 671 2379 sibi
697 2319 732 2379 in
767 2318 923 2398 agendo;
949 2318 1067 2379 sedin
1103 2338 1180 2398 pro-

216 2428 330 2506 posito
355 2444 422 2487 non
447 2425 630 2487 dimittitur
654 2444 758 2486 causa
781 2425 946 2486 naturalis
970 2425 1046 2486 sibi.

307 2532 376 2594 Sed
399 2542 517 2612 posset
540 2532 623 2593 dicit
645 2531 772 2593 clarius
796 2531 838 2591 ad
866 2542 1108 2611 argumentum
1144 2542 1179 2593 ot

217 2641 261 2701 ad
284 2649 390 2701 totam
416 2637 661 2718 Quaestionem.
687 2637 776 2699 Tota
800 2638 891 2698 enim
914 2634 1098 2698 difficultas
1124 2648 1177 2699 est

216 2747 389 2827 quomodo
413 2748 479 2807 ista
502 2764 645 2824 corpora
668 2752 814 2824 possunt
840 2745 911 2823 pati
936 2744 979 2804 ab
1014 2746 1096 2825 igne
1130 2746 1179 2805 in·

216 2853 336 2915 fernali
362 2863 538 2933 perpetuo,
563 2861 597 2911 et
620 2861 734 2911 tamen
759 2870 827 2911 non
844 2858 1099 2911 transmutetur.
1117 2850 1176 2911 Ad

216 2962 281 3021 hoc
306 2960 345 3021 B.
371 2960 595 3039 Augustinus
618 2958 715 3036 ponit
739 2956 853 3036 aliqua
877 2956 1036 3035 exempla
1059 2976 1106 3016 12.
1126 2958 1178 3017 De

222 3068 288 3126 Cia.
314 3068 386 3134 Dei,
415 3066 576 3127 videlicet
599 3064 640 3125 de
665 3064 880 3125 salamandra
914 3082 992 3143 quae
1018 3064 1107 3125 vivit
1139 3066 1175 3124 in

217 3176 309 3255 igno,
335 3172 493 3235 similiter
517 3174 559 3232 de
583 3173 665 3251 igne
688 3173 746 3250 qui
772 3179 824 3231 est
848 3172 882 3231 in
907 3168 1037 3231 Siciliae
1072 3172 1177 3249 parti·

216 3281 292 3341 bus.
318 3277 387 3341 Sed
411 3279 493 3339 talia
516 3278 676 3357 exempla
699 3278 817 3337 dicunt
840 3280 915 3355 quia
939 3286 975 3337 et
1008 3295 1078 3337 non
1101 3282 1178 3353 pro·

209 3393 286 3465 pter
308 3387 393 3462 quid,
422 3385 498 3446 ideo
521 3393 637 3464 potest
660 3383 823 3444 declarari
848 3382 1038 3463 dupliciter.
1064 3383 1177 3443 Primo

216 3495 288 3555 sie:
313 3491 477 3554 Cessante
500 3500 595 3551 motu
619 3490 720 3570 primi
747 3490 894 3559 mobilis
919 3498 1030 3551 cessat
1064 3480 1177 3550 omnis

216 3610 332 3661 motus
354 3600 413 3677 qui
438 3609 490 3659 est
513 3597 556 3658 ad
583 3597 856 3677 corruptionem
882 3596 942 3659 sed
974 3596 1039 3657 iste
1061 3604 1177 3657 motus
