2600 4200
224 227 285 284 150
458 205 533 268 Lm.
558 204 610 267 IV
635 204 942 268 snnrnnmnun

196 395 265 456 net,
291 385 519 456 annihilatur;
545 385 605 446 sed
629 386 729 465 panis
755 382 892 464 praefuit
915 393 949 445 et
973 382 1059 444 nihil
1083 384 1159 464 ejus

195 502 332 564 manet;
358 511 451 574 ergo

291 599 415 659 Contra.
441 596 629 660 Conversio
654 615 721 658 non
746 607 798 658 est
825 596 1048 668 annihilatio;
1072 613 1158 678 ergo

195 706 289 786 quod
313 705 525 766 convertitur
547 723 615 764 non
640 703 859 765 annihilatur.

288 810 349 872 Ao
373 823 491 871 utun
517 808 782 890 Quffisuonnu
806 811 884 871 dico
899 810 1050 870 breviter
1065 809 1160 890 quod

197 919 298 999 panis
322 937 389 979 non
424 916 642 986 annihilatur,
678 919 760 998 quia
793 918 960 979 terminus
993 916 1038 975 ad
1067 903 1173 993 quem'

197 1025 363 1086 transitus
387 1025 496 1104 ipsius
520 1025 619 1104 panis
643 1043 712 1084 non
736 1034 789 1085 est
811 1041 896 1104 pure
920 1022 1027 1094 nihil;
1053 1023 1161 1104 igitur

199 1133 299 1212 panis
323 1151 390 1192 non
415 1138 468 1191 est
491 1129 709 1191 annihilatus.
740 1130 965 1209 Consequentia
985 1129 1158 1210 probatur,

198 1240 282 1319 quia
305 1240 470 1300 terminus
498 1237 757 1300 annihilationis
790 1237 891 1298 debet
924 1255 1001 1299 esse
1034 1255 1158 1316 purum

199 1344 306 1417 nihil;
332 1347 495 1426 probatur
519 1364 579 1426 per
611 1344 732 1414 simile,
757 1346 839 1424 quia
872 1345 1038 1405 terminus
1072 1361 1162 1404 crea·

198 1453 304 1512 tionis
327 1472 346 1511 a
370 1472 430 1530 quo
454 1459 506 1512 est
529 1470 651 1532 purum
664 1449 765 1512 nihil.
778 1451 970 1511 Antecedens
985 1449 1159 1530 probatur.

198 1560 281 1638 quia
303 1559 470 1620 terminus
494 1558 587 1620 illius
610 1559 776 1620 transitus
799 1566 852 1618 est
875 1555 1009 1637 Corpus
1021 1553 1159 1619 Christi.

200 1665 288 1726 Nam
314 1665 342 1726 si
368 1667 507 1747 negatio
531 1667 630 1745 panis
654 1665 902 1726 concomitatur
914 1665 1096 1725 terminum
1119 1665 1166 1722 ad

198 1791 300 1849 quem,
330 1789 398 1832 non
422 1780 535 1832 tamen
560 1772 727 1832 terminus
751 1770 809 1832 ille
833 1781 885 1832 est
901 1771 1040 1832 omnino
1064 1769 1160 1837 nihil,

199 1878 260 1939 sed
284 1879 319 1939 in
354 1879 469 1958 aliquo
501 1880 661 1959 positivo.
687 1876 732 1938 Et
767 1877 844 1939 ideo
882 1884 936 1938 est
974 1876 1160 1938 notandum

199 1985 293 2065 quod
316 1986 482 2046 terminus
506 1985 765 2047 annihilationis
788 1994 840 2046 est
856 2002 980 2067 purum
997 1983 1093 2050 nihil,
1111 1983 1160 2044 ita

199 2091 294 2173 quod
318 2091 400 2153 nihil
435 2093 569 2153 termini
594 2113 699 2170 aquo
733 2100 849 2153 manet
882 2091 917 2152 in
952 2091 1098 2152 termino
1120 2091 1167 2149 ad

200 2220 302 2278 quem.
328 2236 368 2242 —
395 2200 472 2259 Item
494 2200 634 2266 secundo,
664 2200 803 2280 negatio
834 2199 908 2278 ejus
943 2216 1012 2258 non
1046 2205 1163 2257 manet

201 2308 236 2367 in
261 2306 376 2387 aliquo
400 2314 481 2386 apto
505 2315 585 2367 nato
600 2324 680 2385 quae
710 2306 835 2366 dicitur
868 2305 1017 2387 privatio
1050 2304 1164 2364 termi-

201 2432 288 2473 nans
311 2431 395 2473 eam.
422 2448 463 2456 -
489 2412 564 2473 Ilem
589 2415 687 2478 lertio,
717 2414 857 2493 negatio
884 2430 951 2471 non
968 2420 1022 2471 est
1044 2411 1078 2471 in
1104 2408 1164 2469 ali-

201 2538 271 2599 quo
294 2521 444 2598 positivo
476 2521 649 2599 disparato
683 2519 870 2579 terminans
905 2536 989 2586 earn,
1014 2516 1075 2577 sed
1109 2524 1163 2575 est

201 2626 403 2706 simpliciter
432 2628 570 2707 negatio
609 2634 708 2686 extra
742 2643 863 2706 genus,
898 2624 1030 2685 scilicet
1063 2631 1164 2683 extra

201 2752 303 2793 omne
326 2734 524 2812 positivum,
550 2733 623 2793 sive
648 2732 734 2793 illud
765 2733 811 2791 sit
845 2730 1034 2810 subjectum
1069 2728 1163 2808 quod

201 2839 327 2901 dicitur
350 2840 558 2919 privativum
583 2838 769 2899 secundum
795 2838 895 2898 -illam
930 2837 1162 2918 negationem,

202 2948 277 3007 sive
312 2948 356 3006 sit
391 2947 611 3025 disparatum,
637 2945 729 3025 quod
764 2943 915 3005 includat
942 2942 1036 3003 illam
1061 2960 1165 3022 nega·

203 3054 340 3113 tionem.

293 3161 348 3219 Ad
361 3162 567 3236 propositum,
596 3157 676 3218 lieet
700 3157 755 3218 hie
780 3176 846 3217 non
877 3158 946 3217 sint
980 3155 1049 3217 illae
1083 3154 1163 3215 duae

203 3268 324 3345 primae
348 3268 498 3326 rationes
521 3266 563 3325 de
587 3265 712 3345 quibus
736 3272 830 3343 patet
846 3263 938 3343 quod
950 3270 1091 3342 propter
1102 3280 1163 3322 eas

202 3374 377 3452 corruptio
402 3392 469 3433 non
493 3381 546 3433 est
570 3370 782 3440 annihilatio,
796 3371 878 3450 quia
889 3368 1019 3449 aliquid
1030 3370 1078 3429 rei
1093 3387 1166 3429 cor·

204 3489 315 3558 ruptae.
340 3490 454 3539 manet
479 3480 512 3538 in
529 3496 614 3545 osse,
632 3478 715 3556 quia
730 3478 869 3558 negatio
885 3476 1072 3537 terminans
1088 3494 1164 3535 eam

204 3596 318 3646 manet
343 3587 376 3645 in
402 3585 554 3664 subjecto
579 3594 659 3663 apto
683 3594 784 3655 nato;
810 3593 862 3644 est
879 3592 992 3643 tamen
1005 3582 1050 3643 ibi
1064 3583 1167 3642 tertia
