2600 4200
262 250 453 314 Drsrracr.
479 251 626 315 XXXVI
649 262 683 315 et
707 252 854 334 Quasi.
880 255 892 316 1
1033 268 1094 334 235

664 394 669 401 ι

144 466 263 523 contra
288 478 350 530 me,
374 457 452 539 quia
476 456 574 520 habet
590 459 688 520 talem
710 478 859 521 sensum:
877 460 984 522 omnis
1006 461 1119 535 virtus,

145 564 232 626 idest
255 584 370 626 omnes
393 564 539 637 virtutes,
563 564 659 626 simul
682 574 844 648 sumptae,
870 567 1053 649 perducunt
1076 569 1118 633 ad

146 670 303 733 ultimum
327 668 436 733 finem.
462 670 522 733 Vel
547 681 596 733 est
618 670 794 734 dicendum
829 674 920 755 quod
955 671 1028 737 finis
1055 675 1119 737 vir-

146 778 229 845 tutis
251 786 301 841 est
322 778 446 860 duplex
469 777 589 839 scilicet
606 779 763 860 proprius
791 790 825 843 et
858 780 1039 844 communis
1061 782 1118 864 qui

145 893 199 947 est
221 884 389 948 beatitudo
404 884 455 947 vei
472 882 614 949 felicitas.
632 884 731 948 Nunc
749 895 864 949 autem
887 887 994 949 omnis
1016 888 1120 951 virtus

145 990 240 1053 ducit
262 991 305 1053 ad
328 989 427 1053 finem
451 992 631 1073 proprium,
655 992 714 1053 sed
737 1013 804 1055 non
827 992 983 1075 quaelibet
1016 994 1120 1059 virtus

145 1116 208 1179 per
230 1118 264 1159 se
286 1097 330 1158 ad
354 1097 504 1159 ultimum
529 1097 629 1160 finem
654 1118 730 1180 quae
753 1108 803 1161 est
826 1097 967 1164 felicitae.

216 1204 274 1266 Aa
303 1214 468 1285 quartum,
504 1225 580 1267 cum
616 1205 733 1268 dicitur
768 1206 859 1287 quod
892 1206 999 1287 justus
1030 1216 1118 1271 caret

145 1310 241 1373 omni
265 1312 361 1383 malo
385 1311 561 1374 dicendum
591 1312 682 1393 quod
705 1311 845 1394 justitia
868 1313 1044 1395 aliquando
1067 1334 1118 1377 su-

145 1416 250 1478 mitur
272 1438 331 1499 pro
354 1418 446 1479 amni
459 1418 665 1500 perfectione,
690 1429 722 1481 et
746 1429 825 1481 tunc
848 1420 983 1482 includit
1002 1440 1118 1484 omnes

145 1522 294 1597 virtuteS,
320 1532 356 1586 ut
379 1532 470 1607 patet
488 1542 524 1609 5.
549 1524 683 1603 Etlric.;
706 1525 883 1608 aliquando
905 1535 1015 1589 autem
1039 1528 1118 1591 dicit

144 1629 303 1693 virtutem
326 1631 506 1712 specialem,
531 1639 564 1694 et
591 1640 670 1695 tunc
704 1653 771 1695 non
806 1642 936 1714 oportet
958 1634 1048 1714 quod
1072 1634 1118 1696 in·

143 1736 260 1800 cludat
293 1758 426 1800 omnem
461 1738 625 1813 virtutem,
663 1758 722 1801 nec
757 1740 847 1821 quod
882 1749 990 1802 creato
1025 1740 1115 1804 omni

144 1844 247 1918 male,
282 1844 366 1907 sicut
401 1853 491 1926 patet
526 1845 557 1907 in
592 1846 789 1927 quibusdam
825 1846 1034 1928 principibus,
1059 1848 1114 1929 qui

143 1960 277 2014 servant
296 1951 455 2032 justitiam
478 1952 661 2033 specialem,
678 1961 838 2016 ettamen
861 1952 893 2015 in
917 1954 1115 2036 quibusdam

143 2066 224 2122 sunt
248 2056 491 2121 incontinentes⁸

213 2165 272 2227 Ad
290 2167 497 2228 auctoritates
520 2176 630 2229 autem
656 2165 805 2249 Gregorii
841 2177 874 2230 et
905 2167 1042 2242 Glossae,
1066 2167 1114 2229 di-

143 2271 230 2334 citur
267 2273 358 2354 quod
393 2274 571 2354 loquuntur
609 2274 650 2336 de
690 2275 865 2337 virtutibus
903 2283 1001 2355 prout
1038 2285 1115 2340 sunt

142 2378 301 2460 principia
327 2381 480 2454 merendi,
504 2389 537 2442 et
561 2379 624 2443 hoc
651 2381 752 2443 modo
778 2401 842 2443 una
858 2381 959 2443 virtus
983 2382 1114 2445 moralis

142 2505 212 2548 non
235 2495 284 2548 est
306 2487 373 2548 sine
395 2487 479 2562 alia;
504 2507 569 2550 non
592 2497 704 2550 autem
737 2487 915 2569 loquuntur
938 2489 979 2550 de
1013 2489 1112 2551 virtu-

141 2591 231 2655 tibus
252 2594 434 2656 secundum
457 2614 501 2668 se,
525 2603 562 2656 ut
584 2603 662 2657 sunt
695 2595 852 2677 principia
885 2604 1019 2659 actuum
1045 2616 1113 2658 mo·

144 2699 270 2762 talium.

216 2910 443 2996 Quantum
470 2913 536 2979 ad
564 2914 810 2980 seeundum
846 2914 1111 3000 Articulum,

141 3027 273 3100 oportet
289 3019 401 3099 prima
424 3019 533 3082 videre
556 3020 582 3082 si
605 3029 654 3082 est
677 3041 742 3083 una
766 3020 938 3102 prudentia
962 3023 1110 3086 omnium

141 3124 301 3187 virtutum
330 3126 514 3201 moralium,
538 3148 580 3189 an
604 3127 630 3190 si
666 3128 821 3208 quaelibet
844 3129 946 3190 virtus
982 3131 1112 3194 moralis

141 3231 263 3294 habeat
285 3232 452 3314 propriam
480 3233 689 3315 prudentiam
725 3235 927 3315 adjunctam.
954 3235 1108 3311 Srcmrdo,

141 3347 273 3420 oportet
297 3339 406 3401 videre
422 3341 447 3402 si
471 3341 605 3402 virtutes
630 3340 768 3403 morales
791 3341 855 3404 sint
878 3363 1016 3405 annexae
1033 3365 1109 3407 cum

141 3444 327 3526 prudentia.

212 3547 413 3636 Quantum
436 3550 490 3619 ad
513 3553 691 3640 ptt'tttuttt
715 3565 764 3618 est
796 3577 861 3618 una
884 3555 995 3636 opinio
1018 3559 1110 3637 quod

139 3658 293 3722 omnium
317 3658 476 3722 virtutum
501 3661 674 3724 moralium
691 3670 740 3725 est
756 3682 820 3724 una
836 3663 1017 3745 prudentia,
1034 3663 1112 3743 quia
