2600 4200
147 411 246 470 seriae
270 407 457 470 secundum
481 417 608 469 rectam
632 407 798 468 rationem
820 407 930 486 possit
946 415 1105 485 appetere

147 533 215 577 non
239 534 324 577 esse.
356 517 460 576 Tertio
491 515 519 575 si
555 515 598 575 de
632 512 722 574 facto
757 513 907 574 damnati
943 521 1106 592 appetant

147 641 216 683 non
241 641 326 684 esse.

241 834 458 915 Qrtantum
506 833 563 896 ad
603 833 802 912 primum
835 832 985 893 breviter
1029 831 1105 891 dieo

147 941 239 1021 quod
262 941 400 1002 miseria
422 949 475 1001 est
498 938 636 1020 duplex,
654 938 785 1001 scilicet
802 939 913 1018 culpae
930 948 964 999 et
980 957 1104 1018 poenae.

148 1046 186 1108 Si
211 1066 295 1128 ergo
318 1046 443 1126 aliquis
466 1055 605 1126 appetat
621 1049 783 1107 non‘esse
806 1045 870 1106 hoc
894 1053 1008 1125 potest
1030 1063 1106 1104 esse

147 1153 338 1233 dupliciter,
363 1153 418 1215 vel
431 1155 512 1233 quia
528 1153 571 1214 ad
585 1150 788 1233 fugiendum
806 1153 976 1212 miseriam
993 1151 1106 1230 culpae

148 1260 204 1320 vel
227 1260 399 1321 miseriam
422 1278 546 1341 poenae.

241 1473 301 1536 De
322 1472 499 1535 odmundo
522 1469 714 1535 Artidttlo
731 1480 784 1532 est
800 1491 868 1533 una
884 1472 1001 1551 opinio
1013 1472 1106 1551 quod

148 1579 302 1660 quilibet,
337 1578 524 1640 secundum
558 1587 685 1639 rectam
721 1580 888 1639 rationem
923 1587 1037 1658 potest
1071 1587 1105 1639 et

148 1696 284 1748 tenetur
307 1685 385 1766 plus
408 1685 553 1767 diligere
577 1705 645 1746 non
669 1704 746 1745 esse
769 1703 871 1765 quam
888 1704 965 1746 esse
989 1687 1023 1745 in
1047 1685 1107 1745 mi·
1130 1739 1135 1750 .

148 1795 238 1855 seria
259 1794 381 1872 culpae.
407 1790 508 1872 Quod
532 1792 697 1872 probatur
724 1794 832 1869 primo
866 1792 936 1852 sic:
962 1790 1107 1871 quilibet

149 1909 284 1962 tenetur
307 1899 420 1980 magis
443 1897 569 1981 fugere,
589 1897 674 1960 illud
701 1898 792 1978 quod
815 1907 869 1960 est
892 1907 1011 1960 contra
1035 1917 1106 1958 rem

148 2027 226 2089 quae
258 2007 336 2087 plus
360 2006 527 2087 diligitur,
552 2024 655 2086 quam
680 2005 771 2085 quod
794 2014 848 2067 est
882 2015 1001 2067 contra
1035 2023 1105 2066 rem

148 2134 226 2196 quae
250 2116 364 2176 minus
387 2114 557 2196 diligitur;
583 2113 643 2174 sed
660 2114 814 2194 quilibet,
832 2114 1019 2175 secundum
1040 2132 1108 2173 rec-

148 2230 217 2282 tam
241 2221 407 2282 rationem
431 2229 567 2281 tenetur
593 2219 673 2300 plus
696 2220 842 2301 diligere
867 2220 978 2281 Deum
1003 2239 1105 2299 quam

148 2328 320 2408 seipsum;
345 2346 429 2408 ergo
453 2327 640 2388 secundum
658 2337 785 2387 rectam
803 2328 968 2387 rationem
993 2327 1107 2408 magis

148 2443 283 2495 tenetur
305 2433 450 2513 quilibet
473 2431 594 2514 fugere
625 2434 719 2512 quod
752 2442 806 2494 est
841 2442 960 2494 contra
994 2433 1106 2494 Deum

149 2560 251 2620 quam
275 2539 367 2620 quod
390 2548 443 2600 est
476 2548 595 2600 contra
629 2540 790 2619 seipsum.
827 2538 897 2601 Sed
931 2538 1032 2619 eulpa
1055 2549 1108 2601 est

148 2657 267 2708 contra
289 2647 413 2716 Deum,
437 2664 505 2706 non
528 2665 604 2706 esse
629 2665 711 2706 vero
734 2655 787 2707 est
803 2655 922 2707 eontra
939 2648 1105 2727 seipsum;

149 2773 243 2836 ergo,
268 2790 309 2798 —
334 2753 474 2814 Semndo
497 2754 567 2814 sic:
596 2754 710 2834 magis
745 2752 872 2815 malum
907 2763 960 2814 est
993 2754 1107 2835 magis

148 2860 371 2944 fugiendum
397 2860 458 2922 sed
480 2859 582 2941 culpa
607 2869 661 2921 est
694 2861 808 2941 magis
843 2860 969 2922 malum
1004 2880 1107 2941 quam

149 2988 217 3030 non
240 2988 326 3039 esse,
354 2969 436 3048 quia
469 2966 570 3047 culpa
604 2976 657 3029 est
690 2968 842 3028 carentia
874 2968 955 3029 boni
990 2968 1107 3037 debiti,

149 3095 217 3135 non
240 3094 317 3137 esse
339 3085 452 3137 autem
477 3083 530 3135 est
560 3076 711 3135 carentia
745 3094 813 3136 non
849 3075 976 3147 debiti;
1013 3094 1106 3156 ergo,

149 3218 191 3225 —
223 3184 326 3242 Tertio
348 3183 558 3262 sicz'magis
580 3191 634 3243 est
657 3180 861 3262 fugiendum
878 3180 1006 3243 malum
1031 3183 1108 3243 sim·

148 3287 292 3369 pliciter,
317 3308 419 3368 quam
442 3288 570 3349 malum
596 3287 692 3359 huic;
718 3287 779 3349 sed
795 3288 895 3368 culpa
910 3298 964 3349 est
980 3287 1106 3349 malum

149 3395 351 3475 simpliciter
373 3414 440 3456 non
465 3414 541 3456 esse
558 3403 672 3456 autem
689 3403 742 3455 est
759 3395 886 3457 malum
898 3395 993 3467 huic;
1013 3414 1106 3477 erg0.

149 3502 311 3563 Probatio
335 3503 476 3571 minoris,
505 3503 586 3582 quia
609 3500 695 3563 illud
723 3510 776 3563 est
810 3501 1012 3583 simpliciter
1042 3520 1109 3562 ma·

148 3609 231 3681 lum,
248 3608 341 3691 quod
357 3617 410 3672 est
425 3617 544 3672 contra
566 3608 731 3671 honorem
745 3608 810 3671 Dei
823 3609 915 3691 quod
927 3618 980 3673 est
996 3610 1109 3695 magis
