2600 4200
227 250 286 315 152
466 235 541 300 Lrn.
567 236 612 299 ΠΙ
640 234 934 301 Snurnurrnnuu

201 442 270 503 l'cae
295 441 462 522 potestatis
493 443 785 515 conculcationem,
809 451 841 504 et
862 441 972 523 januae
995 442 1071 505 coeli
1095 463 1169 524 ape·

199 547 359 612 ritionem.

266 761 326 822 Ao
351 773 495 823 nnrnun
520 774 737 824 numenius
773 762 948 824 dicendum
983 763 1074 843 quod
1100 783 1170 824 me-

199 868 297 930 ritum
333 887 397 928 non
429 867 559 929 excedit
595 867 769 949 praemium
805 868 938 950 quando
961 867 1078 949 aliquis
1102 889 1171 932 me-

199 984 287 1036 retur
310 994 370 1054 pro
394 975 521 1055 seipso;
546 973 603 1035 sed
631 975 765 1056 quando
789 975 905 1056 aliquis
938 983 1078 1036 meretur
1107 996 1171 1058 pro

199 1081 272 1153 alio,
289 1081 440 1142 meritum
465 1090 572 1162 potest
595 1082 755 1143 excedere
779 1083 963 1164 praemium,
976 1092 1008 1143 et
1031 1082 1077 1143 sic
1104 1103 1172 1145 mo

204 1189 301 1249 ritum
327 1186 446 1250 Christi
471 1196 578 1268 potest
613 1189 772 1250 excedere
807 1189 980 1270 praemium
1015 1197 1169 1250 nostrum

200 1304 236 1356 ut
259 1295 327 1375 ipse
351 1303 492 1356 meretur
516 1315 576 1375 pro
600 1295 702 1358 nobis.

264 1401 323 1462 Ad
341 1401 516 1462 secundum
542 1408 648 1481 potest
672 1400 734 1462 dici
758 1401 874 1463 eodem
912 1401 1010 1463 modo
1033 1401 1084 1462 vel
1112 1423 1168 1484 po·

197 1517 260 1570 test
283 1507 437 1589 distingui
461 1507 502 1569 de
526 1505 590 1568 fine
612 1509 793 1570 secundum
815 1507 902 1570 viam
926 1507 1117 1589 Philosophi
1136 1509 1168 1570 in

195 1613 353 1695 asPlzys.
378 1615 453 1696 qnia
476 1598 534 1675 est¹
549 1613 620 1676 finis
643 1615 841 1696 simpliciter,
865 1623 898 1676 et
924 1624 973 1676 est
1007 1613 1080 1677 finis
1105 1617 1168 1678 snb

196 1721 271 1796 fine,
285 1731 318 1783 et
334 1721 380 1783 sic
406 1721 558 1783 meritum
584 1720 703 1784 Christi
729 1731 836 1802 potest
859 1721 998 1784 ordinari
1015 1721 1059 1782 ad
1084 1743 1168 1804 prae-

197 1829 302 1889 mium
327 1836 475 1890 nostrum
499 1836 670 1907 tamquam
694 1827 766 1890 finis
789 1828 850 1890 sub
874 1826 946 1890 fine.

265 1936 323 1996 Ad
342 1936 473 1997 tertium
497 1934 571 1996 dico
595 1935 686 2016 qnod
713 1934 785 1996 licet
809 1933 966 1998 meritum
987 1933 1109 1997 Christi
1128 1935 1169 1998 sit

196 2040 371 2104 formaliter
396 2040 534 2116 finitum,
560 2050 670 2103 tamen
694 2049 882 2123 acceptatur
905 2061 923 2103 a
949 2041 1020 2103 Deo
1052 2051 1168 2105 exten-

195 2149 261 2210 sive
285 2158 443 2230 tanquam
468 2146 640 2220 infiuitum,
655 2156 687 2209 et
703 2137 913 2230 conjungitur
937 2148 1068 2228 objecto
1093 2150 1168 2212 bea-

194 2254 282 2316 tifico
306 2276 362 2335 per
387 2255 525 2337 gratiam
548 2264 580 2315 et
609 2254 757 2335 gloriam.
783 2252 827 2315 Et
862 2256 995 2336 quando
1032 2256 1168 2319 additur

195 2361 227 2421 in
252 2361 377 2422 minori
398 2360 487 2441 quod
520 2371 692 2440 peccatum
716 2368 766 2421 est
801 2359 972 2432 infinitum,
997 2360 1022 2421 si
1053 2362 1169 2425 intelli-

195 2476 291 2547 gatur
314 2467 403 2547 qnod
427 2466 467 2528 sit
491 2465 656 2527 infinsstum
681 2466 846 2541 intensive,
871 2477 919 2529 est
942 2465 1167 2543 falsissimum,

194 2573 270 2653 quin
293 2583 371 2635 tunc
395 2581 529 2654 oportet
553 2592 674 2653 ponere
709 2592 877 2635 summum
914 2573 1039 2635 malum
1063 2584 1099 2637 et
1124 2597 1170 2639 re

194 2680 276 2741 diret
298 2701 387 2741 error
411 2679 682 2742 Manichaeorum.

553 2874 732 2957 Quiesno
760 2874 801 2937 Il.

509 3034 654 3097 Secundo
677 3034 845 3116 quaritur.

245 3194 350 3248 Utrum
370 3193 459 3249 lnerlt
478 3193 668 3248 necessarlum
681 3206 771 3259 genus
784 3192 942 3247 lrumannm
959 3197 1096 3263 reparari
1118 3212 1171 3267 per

195 3286 314 3337 mortem
335 3281 452 3337 Chrlstl.

259 3428 397 3490 Videtur
421 3428 511 3509 quod
540 3448 614 3499 non,
640 3426 717 3509 quia
752 3426 888 3491 nobilior
922 3436 972 3490 est
1006 3428 1169 3514 Angelus

192 3554 292 3612 qnam
317 3532 435 3608 homo;
460 3533 516 3595 sed
549 3554 613 3595 non
650 3532 709 3594 fnit
744 3532 958 3595 necessarium
987 3534 1167 3619 Angelum

192 3639 331 3717 r:parari
355 3640 422 3699 sive
445 3638 558 3700 redimi
583 3660 640 3719 per
665 3648 803 3701 mortem
829 3637 965 3720 Christi;
989 3661 1084 3723 ergo.
