2600 4200
249 199 312 274 308
481 193 555 256 Lm.
581 193 633 256 IV
659 192 965 258 Snnrunmnuu

224 381 260 434 et
283 391 386 434 unam
410 391 551 452 parvam
575 391 746 434 coronam.
763 371 809 432 Et
832 372 1019 433 secundum
1042 372 1110 432 hoc
1133 391 1198 451 po-

225 481 319 540 nitur
342 495 362 540 a
378 468 586 541 Doctoribus
602 479 732 559 duplex
748 480 930 559 praemium
946 480 1076 539 scilicet
1093 479 1198 539 subs·

225 586 369 647 tantiale
393 585 485 666 quod
508 595 561 648 est
585 605 688 646 aurea
703 586 746 647 ad
763 585 1021 646 similitudinem
1048 604 1193 665 magnae

223 711 373 763 coronae,
398 703 432 753 et
455 691 665 754 accidentale
688 692 781 772 quod
814 691 939 753 dicitur
973 691 1113 752 aureola
1145 691 1192 752 ad

225 800 484 862 similitudinem
521 818 639 880 parvae
674 818 820 860 coronae.
844 798 922 859 Tali
949 808 1063 858 autem
1087 798 1195 858 debet

225 907 380 968 coronari
407 908 520 967 anima
543 925 622 986 quae
646 915 699 965 est
723 923 850 985 sponsa
865 903 1007 974 Christi;
1031 905 1092 964 sed
1109 905 1196 964 talis

226 1023 279 1074 est
303 1014 421 1094 virgo;
447 1013 563 1093 igitur.

316 1118 412 1180 Licet
436 1121 543 1200 igitur
567 1118 653 1180 illud
677 1119 761 1178 satis
786 1117 1025 1178 benedictum
1061 1119 1118 1184 sit.
1143 1126 1195 1177 ta·

225 1247 305 1288 men
329 1246 469 1307 possum
494 1226 606 1288 dicere
623 1225 736 1306 magis
752 1223 932 1304 complete,
948 1225 1080 1284 scilicet
1095 1223 1193 1304 quod

227 1335 263 1396 in
287 1335 498 1415 virginitate,
523 1343 561 1394 ut
586 1332 843 1412 supradictum
867 1340 929 1402 est,
947 1332 1013 1392 tria
1036 1339 1090 1391 est
1112 1350 1196 1391 con·

226 1440 386 1510 siderare,
412 1440 542 1500 scilicet
558 1440 723 1508 habitum,
740 1447 867 1499 statum
884 1447 918 1499 et
933 1438 1090 1498 decorem
1114 1439 1193 1498 sive

227 1555 396 1607 ornatum.
423 1545 565 1607 Habitui
590 1545 835 1624 correspondet
858 1563 969 1613 aurea,
994 1545 1098 1606 statui
1123 1561 1193 1605 res-

228 1653 359 1734 pondet
381 1651 522 1722 fructus,
548 1651 608 1713 sed
632 1651 746 1713 decori
771 1671 832 1712 seu
866 1652 1000 1712 omatui
1026 1669 1103 1730 quae
1136 1661 1192 1712 est

225 1761 340 1821 carnis
363 1772 397 1821 et
420 1759 546 1821 mentis
569 1759 753 1840 respondet
778 1758 923 1819 aureola.
948 1758 1106 1824 Primum,
1128 1758 1196 1818 sci·

181 1891 184 1898 ⁴
226 1865 307 1928 licet
345 1865 438 1946 quod
475 1866 607 1927 habitui
646 1865 831 1945 respondet
864 1884 968 1925 aurea
999 1873 1094 1946 patet
1128 1883 1192 1945 per

223 1991 356 2034 omnes,
382 1973 568 2040 Secundum,
597 1973 727 2032 scilicet
751 1971 844 2051 quod
860 1972 965 2032 statui
982 1971 1191 2050 respondeat

227 2077 369 2150 fructus,
394 2088 508 2160 patet;
533 2088 607 2141 esto
631 2079 720 2140 enim
749 2079 842 2160 quod
877 2080 947 2139 sint
980 2087 1051 2139 tres
1084 2077 1194 2139 conti·

226 2196 349 2247 nentes
373 2188 575 2266 inquantum
599 2188 774 2247 continere
797 2194 944 2266 possunt
966 2185 1054 2246 alius
1065 2186 1101 2246 in
1112 2202 1195 2245 con·

226 2294 373 2354 tinentia
396 2292 579 2373 conjugali,
604 2302 638 2353 et
662 2291 750 2353 alius
773 2292 1032 2353 incontinentia
1047 2290 1188 2360 viduali,

226 2409 263 2460 et
287 2400 375 2460 alius
399 2401 433 2461 in
457 2400 668 2461 continentia
691 2398 864 2480 virginali,
889 2396 1021 2460 fructus
1055 2400 1120 2459 erit
1154 2400 1192 2459 in

227 2506 279 2567 eis
303 2507 410 2586 major
433 2518 466 2567 et
489 2506 601 2567 minor
624 2506 811 2567 secundum
838 2505 1036 2586 parabolam
1072 2503 1192 2567 Salva·

225 2615 334 2675 toris:
359 2632 475 2675 semen
499 2613 621 2674 cecidit
645 2614 681 2673 in
704 2621 829 2673 terram
855 2612 981 2673 bonam
1005 2622 1040 2673 et
1074 2612 1193 2673 attulit

227 2721 388 2791 fructum,
413 2721 506 2781 aliud
537 2720 757 2788 tricesimum,
793 2719 887 2780 aliud
921 2719 1189 2801 sexagesimum,

228 2828 323 2890 aliud
346 2828 579 2889 centesimum.
614 2827 762 2895 Tertium,
791 2826 923 2887 scilicet
945 2826 1038 2906 quod
1054 2826 1189 2887 ornatui

228 2952 288 2997 seu
314 2935 504 3017 integritati
529 2934 654 2994 mentis
681 2942 715 2993 et
749 2934 861 2994 carnis
895 2932 1101 3012 respondeat
1134 2952 1195 2993 au·

227 3042 331 3111 reola,
356 3051 450 3122 patet
474 3042 543 3102 sic:
569 3040 708 3101 aureola
731 3041 930 3120 assignatur
963 3039 1033 3100 illis
1056 3039 1191 3101 actibus

229 3150 288 3229 qui
312 3150 501 3228 respiciunt
523 3146 654 3227 aliquid
678 3147 911 3216 intrinsecum,
935 3154 970 3206 et
995 3146 1061 3207 hoc
1084 3144 1195 3225 tripli·

228 3255 323 3323 citer,
349 3254 404 3314 vel
428 3255 558 3315 ratione
581 3253 747 3314 doctrinae
778 3263 813 3313 et
848 3249 1108 3321 infonnationis‚
1133 3250 1192 3311 vel

228 3361 362 3421 ratione
385 3360 540 3441 martyrii
564 3367 598 3419 et
622 3359 803 3440 passionis,
829 3357 885 3418 vel
908 3358 1040 3417 ratione
1056 3356 1194 3417 decoris

228 3476 263 3527 et
288 3467 562 3545 incorruptionis.
589 3465 735 3545 Propter
757 3465 906 3545 primum
932 3464 1033 3525 datur
1051 3462 1196 3523 aureola

229 3571 459 3643 Doctoribus;
485 3582 624 3651 propter
647 3572 833 3633 secundum
858 3570 1090 3652 Martyribus;
1116 3586 1196 3648 pro-

228 3685 306 3756 pter
328 3678 466 3737 tertium
491 3676 707 3757 Virginibus,
