2600 4200
234 228 298 286 314
472 206 547 269 Lrss.
573 207 624 270 IV
651 205 959 270 Seurrurmuuu

1079 312 1183 323 ιη...-

207 406 280 447 rem
305 405 412 457 suam,
437 398 512 457 etc,
537 387 613 448 dico
638 386 730 467 quod
754 385 912 448 Christus
935 385 1091 466 loquitur
1115 405 1184 467 pro

212 504 366 574 tempore
390 494 480 575 legis
504 495 627 575 gratiae
651 513 719 554 non
744 513 807 574 pro
822 503 976 573 tempore
993 494 1085 574 legis
1109 513 1182 554 mo·

210 602 323 662 saicae.
350 637 391 644 -
417 601 472 660 Ad
493 603 645 660 rationem
670 619 773 680 quam
798 600 945 669 adducit,
970 601 1064 680 quod
1089 600 1183 661 scili-

209 717 263 768 cet
287 706 384 769 Deus
408 727 427 768 a
450 707 620 786 principio
644 693 835 768 masculum
848 717 882 766 et
905 703 1085 767 foeminam
1109 725 1181 768 ma-

210 814 450 875 trimonialiter
472 813 662 892 conjunxit,
687 813 764 873 dico
779 813 872 893 quod
889 809 969 874 Chri
976 821 1052 873 stus
1068 812 1183 894 loqui·

211 929 267 981 tur
289 939 353 1000 pro
376 929 529 999 tempore
554 919 643 1000 legis
668 928 820 990 naturae;
857 928 891 980 et
926 919 961 979 in
985 919 1051 980 hoc
1086 917 1181 982 suffi-

208 1029 338 1088 cienter
362 1025 580 1106 reprehendit
604 1024 795 1105 pharisaeos
818 1027 878 1105 qui
903 1045 973 1087 non
988 1027 1180 1093 servabant
1291 1048 1293 1061 ·

209 1133 464 1194 matrimonium
490 1134 579 1194 sicut
602 1141 676 1194 erat
701 1133 735 1192 in
760 1133 839 1213 lege
871 1143 1014 1193 naturae.
1045 1169 1091 1177 -
1124 1133 1185 1193 Ad
1291 1162 1293 1225 p

208 1240 301 1300 aliud
320 1239 413 1320 quod
437 1239 595 1300 adducit:
625 1257 687 1318 per
721 1239 881 1300 duritiam
918 1239 1032 1300 cordis
1067 1241 1177 1301 vestri
1291 1234 1293 1259 ²

208 1347 365 1426 permisit
388 1343 531 1426 Moyses
555 1355 629 1414 etc„
650 1345 722 1426 jam
753 1354 848 1425 patet
881 1347 1056 1425 quomodo
1091 1347 1181 1408 aoei-

209 1455 302 1534 pitur
326 1452 372 1514 ibi
396 1454 587 1534 permissio,
614 1489 656 1496 -
680 1453 737 1512 Ad
755 1453 853 1520 aliud,
869 1452 912 1513 de
929 1452 1090 1513 divortiis
1103 1459 1175 1530 cap.

214 1561 405 1626 Gaudemus,
434 1559 491 1619 ubi
516 1559 641 1619 dicitur
663 1558 755 1638 quod
779 1559 959 1639 repudium
985 1561 1114 1620 veritas
1138 1561 1176 1621 in

210 1665 407 1747 Evangelio
430 1665 638 1746 reprobavit,
664 1665 740 1726 dico
764 1666 857 1745 quod
881 1665 967 1726 illud
983 1662 1175 1746 capitulum

209 1773 363 1852 loquitur
385 1773 478 1852 quod
501 1769 659 1834 Christus
691 1772 888 1851 reprobavit
921 1790 985 1852 pro
1018 1782 1178 1853 tempore

211 1879 303 1961 legis
327 1898 410 1940 suae.
1291 1875 1293 1883 '

298 2091 362 2155 Do
387 2091 509 2155 tertio
520 2091 773 2171 prtnmpalt,
789 2091 920 2153 scilicet
937 2090 1086 2171 qualiter
1103 2110 1174 2153 non

209 2208 306 2259 erant
329 2218 429 2278 pares
453 2199 518 2259 viri
543 2207 577 2259 et
601 2197 763 2259 mulieres
797 2200 832 2261 in
867 2199 981 2259 dando
1016 2198 1176 2259 libellum

208 2304 353 2385 repudii,
378 2314 416 2365 ut
440 2304 562 2365 mulier
585 2306 696 2385 possit
730 2305 911 2384 repudiare
933 2306 1047 2366 virum
1082 2305 1176 2366 sicut

208 2432 228 2472 e
252 2430 439 2483 converso;
464 2413 530 2471 dico
553 2412 645 2491 quod
669 2411 703 2472 in
728 2412 838 2473 tribus
862 2412 916 2472 vir
939 2420 974 2472 et
989 2411 1114 2472 mulier
1137 2413 1173 2473 in

209 2518 288 2599 lege
312 2538 380 2581 non
404 2529 501 2579 erant
524 2536 634 2598 pares,
648 2518 778 2578 scilicet
802 2518 837 2578 in
861 2517 940 2599 lege
965 2517 1111 2597 repudii,
1135 2519 1173 2579 in

209 2625 288 2706 lege
312 2626 492 2705 zelotipiae,
524 2626 559 2685 in
591 2625 670 2705 lege
701 2626 846 2685 aetionis
869 2625 1000 2704 stupri;
1025 2644 1171 2704 quorum

208 2734 297 2793 ratio
321 2741 374 2793 est
397 2740 537 2811 propter
560 2732 765 2812 dignitatem
786 2739 929 2799 naturae,
946 2739 1087 2811 propter
1102 2749 1175 2793 rea·
1291 2781 1293 2822 ;

208 2847 282 2900 tum
307 2837 418 2919 culpae
442 2848 476 2899 et
499 2846 639 2917 propter
665 2837 770 2898 robur
804 2856 918 2898 sexus.
944 2836 1091 2917 Propter
1123 2837 1179 2899 di·-

209 2948 378 3027 gnitatem
403 2955 535 3006 naturae
552 2964 620 3005 non
638 2953 718 3005 sunt
731 2943 906 3024 judicandi
923 2962 1023 3023 pares
1039 2944 1075 3004 in
1091 2942 1172 3025 lege

209 3052 390 3132 zelotipiae,
426 3062 479 3112 est
512 3053 602 3112 enim
639 3052 693 3111 vir
726 3050 865 3131 dignior
900 3069 1002 3130 quam
1036 3050 1169 3112 mulier.

209 3156 356 3239 Propter
378 3167 509 3219 reatum
534 3156 645 3237 culpae
670 3176 739 3218 non
770 3165 851 3218 sunt
870 3156 1045 3237 judicandi
1070 3175 1172 3236 pares

209 3265 245 3325 in
269 3264 348 3346 lege
371 3266 516 3325 actionis
540 3264 661 3344 stupri,
686 3264 776 3325 sicut
809 3263 900 3324 clare
934 3263 1018 3324 dicit
1051 3263 1172 3345 glossa

210 3390 314 3451 super
337 3372 450 3453 legem
482 3372 681 3451 praedictam
716 3389 795 3451 quae
829 3370 975 3432 habetur
997 3370 1093 3430 Dent.
1116 3388 1167 3429 22.

94 3498 97 3503 ¹
208 3476 355 3558 Propter
378 3479 482 3539 robur
505 3497 611 3539 sexus
634 3477 745 3538 virilis
769 3496 837 3538 non
857 3476 1054 3557 judicantur
1068 3493 1171 3556 pares

209 3584 245 3643 in
269 3582 386 3644 libello
409 3583 553 3663 repudii,
578 3602 654 3644 cum
679 3584 714 3644 in
748 3582 950 3643 mulieribus
983 3583 1029 3644 sit
1062 3582 1172 3662 major
