2600 4200
272 293 461 357 Drsmrcr.
485 294 549 356 XII
573 293 721 375 Qumsr.
747 294 777 358 11
992 311 1036 374 99

115 495 149 555 de
167 517 197 557 se
216 507 281 560 erat
315 500 509 580 peccabilis;
532 501 589 562 sed
613 499 691 582 quia
714 499 856 562 habebat
879 497 1056 582 perfectam

116 603 234 681 gratiam
263 615 295 668 et
324 606 609 669 confirmationem
644 606 676 668 in
702 607 806 686 gratia
840 616 872 668 et
895 607 937 668 de
971 605 1058 668 facto

117 708 270 788 perfectam
292 712 443 794 gloriam,
468 713 541 776 ideo
564 733 630 776 non
655 722 783 796 poterat
806 733 950 794 peccare.

167 819 221 878 Ad
238 820 369 882 tertium
393 820 468 883 dico
490 821 581 901 quod
605 819 668 882 hoc
691 819 908 902 dispensative
935 818 1059 882 facturn

115 933 153 983 est
171 923 201 985 in
223 925 361 998 Christo,
375 927 453 1008 quia
475 928 570 989 simul
588 925 649 988 suit
671 927 775 988 viator
791 936 824 989 et
847 926 1061 1008 comprehen-

115 1047 166 1099 sor,
185 1040 215 1092 et
235 1033 310 1113 quia
334 1032 395 1094 fuit
414 1034 518 1095 viator
535 1034 641 1114 potuit
660 1033 792 1112 mereri3
810 1053 875 1095 non
888 1043 998 1095 tamen
1011 1053 1059 1095 se·

115 1135 206 1214 quitur
219 1141 307 1220 quod
322 1140 468 1222 potuerit
483 1139 650 1218 demereri,
663 1149 735 1200 turn
752 1139 829 1221 quia
844 1138 1057 1202 confirmatus

116 1241 262 1323 ingratia,
285 1256 357 1309 turn
382 1246 462 1327 quia
484 1255 552 1308 erat
575 1247 608 1308 in
632 1245 775 1327 perfecta
799 1245 912 1327 gloria.

463 1441 638 1523 Quasrro
664 1443 702 1504 ΙΙ.

415 1601 560 1665 Secundo
583 1603 744 1684 quaritur

158 1758 255 1816 [trum
281 1761 358 1818 Deus
387 1760 482 1830 potuit
508 1761 624 1816 aliunde
642 1775 787 1816 assumere
813 1760 955 1815 lromlnem
974 1775 1061 1828 quarn

112 1843 142 1898 le
155 1863 249 1913 genera
266 1851 346 1905 llllus
365 1851 446 1904 Arlae.

170 1993 210 2055 Et
230 1995 358 2057 videtur
382 1993 472 2074 quod
495 1994 550 2068 sic,
574 1994 651 2076 quia
688 1994 822 2056 morbus
845 2003 877 2055 et
902 1993 1064 2054 medicina

111 2097 217 2164 debent
231 2124 300 2166 esse
322 2102 454 2165 alterius
467 2112 610 2176 naturae3
634 2103 691 2163 sed
709 2102 856 2165 Christus
880 2099 1063 2162 secundum

114 2216 245 2271 naturam
276 2220 482 2291 assumptam
514 2208 574 2271 fuit
598 2208 758 2270 medicina
793 2206 933 2269 filiorum
958 2207 1061 2282 ndae;

111 2332 179 2393 ergo
200 2317 313 2380 debuit
336 2338 406 2379 esse
428 2317 558 2378 alterius
582 2328 707 2378 naturae
731 2314 773 2377 ab
797 2314 851 2376 eis.

172 2420 297 2499 Contra,
314 2424 364 2485 od
371 2424 525 2486 Hebraeos
536 2442 567 2485 2.
590 2422 656 2504 Qui
670 2412 911 2483 sanctificantur
930 2430 962 2481 et
975 2441 1066 2481 sanc-

112 2524 199 2590 tificat
209 2552 250 2593 ex
263 2552 332 2593 uno
348 2540 424 2593 sunt
436 2550 567 2607 omnes;
581 2531 638 2592 sed
651 2529 706 2611 qui
720 2527 899 2589 sanctificat
911 2536 959 2588 est
975 2525 1066 2589 Chri-

111 2642 178 2705 stus,
200 2639 253 2719 qui
276 2648 389 2700 autem
413 2636 655 2700 sanctificantur
679 2644 753 2698 sunt
778 2633 832 2697 filii
857 2635 966 2709 Adam
984 2654 1065 2714 ergo

112 2739 244 2808 Christus
266 2754 301 2809 et
324 2746 377 2807 alii
412 2744 561 2807 homines
595 2754 672 2805 sunt
695 2764 738 2805 ex
774 2763 840 2805 uno
875 2741 998 2803 scilicet
1021 2760 1065 2801 ex

113 2846 223 2913 Adam.

171 2958 383 3025 RESPONSIO.
398 2958 455 3021 Ad
479 2958 695 3040 quaestionem
727 2956 801 3018 dico
824 2965 965 3038 quatuor
992 2974 1068 3015 con-

110 3060 267 3129 clusiones.

170 3170 302 3240 Prima
325 3174 481 3255 estquod
505 3173 596 3234 Deus
619 3170 727 3252 potuit
742 3170 873 3232 aliunde
897 3187 1065 3229 assumere

114 3271 268 3343 hominem
302 3300 404 3362 quarn
428 3280 469 3341 de
493 3298 611 3361 genere
634 3276 717 3339 illius
752 3276 850 3338 Adae.
887 3276 969 3337 Haec
993 3294 1069 3336 con·

110 3380 202 3446 clusio
224 3388 382 3468 probatur
395 3408 452 3468 per
476 3384 672 3467 Magistrum
697 3384 729 3445 in
747 3384 837 3446 litera
859 3392 892 3444 et
916 3402 972 3463 per
993 3380 1069 3442 Au-

112 3492 269 3566 gustinum
292 3512 344 3573 15.
369 3494 409 3557 de
438 3492 527 3555 Trite.
553 3491 609 3573 qui
626 3492 671 3553 sic
694 3491 755 3552 ait:
781 3491 912 3553 Poterat
935 3488 1069 3551 aliunde

114 3592 196 3659 Deus
227 3603 388 3683 suscipere
412 3601 445 3663 in
468 3620 536 3681 quo
559 3590 643 3660 esset
679 3597 836 3659 mediator
860 3595 921 3657 Dei
946 3603 979 3656 et
1008 3594 1068 3657 ho-

112 3700 238 3783 minum,
262 3730 363 3791 quam
386 3709 431 3771 de
453 3726 571 3791 genere
590 3705 674 3767 illius
697 3704 786 3766 Adae
817 3702 907 3783 quod
931 3712 1068 3781 peccato
