2600 4200
247 291 433 358 Drsrmcr.
458 294 572 358 XVIII
598 293 748 375 QuAEsr.
774 297 803 358 II
982 309 1038 376 145

172 499 399 564 RESPONDEO.
417 499 604 564 Dicendum
628 509 677 564 est
700 503 791 583 quod
814 502 888 566 licet
911 502 983 565 talis
1000 504 1064 583 syl-

119 604 251 686 logizatio
273 607 452 689 requiratur
469 609 502 670 in
527 608 631 681 nobiS,
645 609 709 671 hoc
725 617 835 670 tamen
860 618 908 671 est
932 619 1064 691 propter

120 710 374 792 imperfectionem
410 723 530 778 nostrae
562 717 716 797 potentiae
753 715 905 789 volitivae,
941 726 973 779 et
1009 717 1062 778 ubi

119 829 155 878 est
174 821 312 900 potentia
335 822 500 903 cognitiva
530 821 683 904 perfecta,
709 821 752 884 ibi
784 843 850 885 non
886 823 1063 885 necessario

119 927 268 1007 requiritur
291 927 363 990 talis
392 928 564 1003 discursus,
589 929 737 1010 qulnimo
771 927 841 1009 ipsa
876 929 1063 992 deliberatio

119 1042 207 1110 potest
228 1033 294 1096 fieri
317 1034 350 1096 in
374 1035 516 1110 instanti,
541 1036 629 1098 unde
650 1054 681 1098 2.
706 1033 808 1116 Plzys.
834 1035 950 1122 dieitur
973 1038 1062 1118 quod

117 1139 257 1218 perfectus
293 1141 411 1203 artifex
450 1163 515 1204 non
557 1143 734 1218 deliberat;
771 1143 916 1224 potentia
952 1153 1061 1206 autem

116 1247 259 1328 cognitiva
283 1249 402 1312 Christi
426 1250 514 1311 videt
548 1250 660 1311 omnia
683 1269 758 1330 quae
790 1249 878 1310 videt
902 1249 1060 1324 Verbum,

115 1351 175 1414 ideo
195 1375 257 1417 non
280 1357 325 1418 sic
348 1356 571 1438 requirebatur
605 1356 679 1418 talis
702 1355 864 1418 discursus
887 1365 920 1418 et
943 1357 1061 1419 delibe-

115 1460 233 1524 ratioet
254 1463 390 1542 electio;
414 1483 493 1545 ergo
517 1463 624 1544 potuit
647 1461 714 1523 lieri
739 1462 770 1524 in
795 1462 912 1527 istanti.

167 1569 221 1630 nd
238 1570 362 1632 motiva
385 1579 493 1632 autem
527 1569 658 1639 alterius
693 1567 854 1650 opinionis
881 1568 1005 1631 dicetur
1028 1569 1060 1632 in

113 1669 166 1735 fine
186 1676 383 1756 quaestionis

173 1886 392 1972 {lunulam
410 1891 476 1954 ad
482 1889 663 1954 tertiam
678 1887 929 1954 Artr‘eulum
943 1888 1061 1950 scilicet

111 1991 177 2070 quid
198 1995 254 2057 sibi
279 1994 429 2059 Christus
460 1995 586 2067 meruit,
611 1995 726 2056 dicunt
760 1995 859 2075 aliqui
882 1995 972 2076 quod
998 2015 1055 2056 rne-

110 2099 162 2161 ruit
182 2102 238 2164 sibi
261 2102 448 2165 fruitionem
471 2111 504 2164 et
527 2102 762 2165 beatitudinem
798 2102 873 2184 quia
900 2102 1059 2183 quidquid

108 2216 149 2266 est
169 2209 338 2271 nobilitatis
362 2220 395 2271 et
418 2208 622 2291 perfectionis
637 2219 686 2271 est
706 2208 952 2271 attribuendum
970 2208 1058 2271 Chri-

110 2322 166 2389 sto,
187 2317 240 2377 sed
263 2316 436 2398 perfectius
459 2306 642 2378 esthabere
666 2314 851 2377 fruitionem
876 2336 919 2377 ex
945 2317 1059 2376 merito

110 2438 195 2498 quarn
217 2422 284 2484 sine
309 2422 435 2486 merito

163 2525 248 2595 Alia
270 2531 330 2595 est
337 2526 467 2613 Opinio
482 2529 534 2591 cui
550 2529 703 2601 assentio,
721 2530 811 2609 quod
829 2527 975 2592 Christus
993 2549 1057 2589 non

109 2635 210 2695 meruit
242 2635 301 2697 sibi
337 2634 532 2707 fruitionem,
568 2636 645 2716 quia
669 2644 726 2697 aut
762 2634 824 2697 hoc
856 2634 967 2697 fuisset
1003 2656 1059 2715 per

108 2746 203 2801 actum
225 2742 476 2823 praecedentem,
489 2751 546 2803 aut
570 2761 627 2822 per
651 2752 762 2803 actum
787 2742 842 2822 qui
867 2753 914 2803 est
938 2739 1057 2802 fruitio.

109 2840 173 2908 Non
193 2849 299 2929 primo
323 2848 424 2911 modo
447 2848 523 2929 quia
547 2850 655 2911 nullus
678 2858 770 2911 actus
793 2849 980 2930 praecedens
1004 2869 1058 2929 po-

107 2950 195 3029 nitur;
218 2977 283 3019 non
307 2956 406 3018 etiam
430 2957 574 3018 secundo
603 2956 704 3017 modo
739 2956 814 3037 quia
852 2956 1002 3017 meritum
1026 2964 1058 3017 et

107 3053 200 3125 fruitio
222 3063 348 3126 realiter
383 3062 544 3136 differunt,
571 3042 723 3125 meritum
759 3062 855 3123 etiam
892 3083 925 3123 se
960 3060 1058 3125 habet

106 3165 140 3225 ad
160 3166 340 3232 fruitionem
364 3169 447 3232 sicut
469 3169 522 3232 via
558 3171 600 3231 ad
624 3168 812 3231 terminum.
837 3206 879 3214 -
905 3168 946 3231 Si
967 3168 1058 3230 dicas

106 3274 184 3350 quod
205 3276 289 3339 idem
314 3286 407 3341 actus
429 3286 538 3360 potest
557 3298 626 3339 esse
642 3277 793 3339 meritum
811 3284 843 3338 et
859 3273 967 3337 fruitio
991 3276 1057 3336 sive

105 3384 274 3458 praemium,
287 3384 365 3467 quia
388 3385 474 3447 idem
498 3393 591 3448 actus
606 3393 714 3466 potest
730 3383 848 3445 habere
871 3390 1056 3463 respectum

104 3486 142 3546 ad
161 3488 291 3553 liberum
315 3492 483 3554 arbitrium
506 3500 540 3554 et
562 3492 605 3553 ad
629 3490 749 3563 Deum,
774 3500 806 3551 et
830 3497 866 3550 ut
890 3488 988 3550 habet
1013 3508 1056 3550 re·

104 3605 240 3671 spectum
276 3600 319 3661 ad
353 3599 491 3661 liberum
526 3597 695 3660 arbitrium
734 3605 783 3658 est
818 3595 979 3669 meritum,
1020 3603 1056 3657 ut

104 3709 205 3763 autem
227 3702 323 3769 habet
346 3715 530 3788 respectum
565 3705 607 3767 ad
642 3704 752 3765 Deum
788 3711 835 3764 est
871 3700 1054 3782 praemium,

946 3827 973 3867 10
