2600 4200
485 710 803 819 Distinctio
843 712 944 818 III.

388 961 491 1042 Post
523 965 600 1042 hoe
630 968 855 1044 videndum
886 953 1029 1045 est...

322 1121 413 1183 Circa
437 1125 528 1184 istam
553 1125 636 1185 Dist.
662 1131 851 1204 quaeruntur
861 1145 893 1203 3.
910 1132 1104 1204 quoeshones.
1122 1125 1193 1188 Pri-

228 1245 298 1289 mo:
320 1227 434 1290 Uirum
447 1231 501 1290 illa
513 1232 556 1292 sit
565 1234 647 1292 ratio
657 1232 819 1312 definitiva
832 1233 990 1310 Baptismi
998 1253 1094 1311 quam
1101 1235 1194 1311 pomi

228 1333 394 1413 Magister,
421 1338 536 1398 scilicet
556 1339 738 1416 Baplz'smus
749 1345 795 1399 est
815 1341 955 1399 intinctio
977 1339 1056 1399 idest
1075 1339 1192 1400 ablutio

227 1446 366 1520 corporis
380 1443 615 1521 exlenbrsacla
627 1444 801 1522 subforma
816 1445 981 1506 verborum
992 1448 1189 1524 prescripta.

229 1547 403 1612 Secundo:
428 1551 544 1612 Utrum
559 1552 623 1612 lzaec
633 1551 791 1626 sitforma
806 1553 980 1630 Bapttkmi:
992 1553 1062 1631 Ego
1077 1559 1106 1612 le
1121 1553 1192 1630 bap-

228 1658 289 1715 tizo
312 1659 345 1717 in
370 1661 494 1718 nornine
517 1658 625 1720 Patris
659 1665 690 1719 et
722 1659 804 1719 Filii
833 1665 864 1718 e!
897 1658 1038 1738 Spinius
1070 1660 1190 1720 Samii.

229 1761 360 1824 Tertio:
393 1764 507 1824 Uirum
532 1767 596 1825 sola
619 1785 703 1844 aqua
727 1766 885 1826 naturalis
900 1772 989 1843 pura
1003 1767 1046 1826 sit
1058 1767 1190 1825 materia

227 1871 410 1930 conveniens
434 1871 598 1948 Baptismz'.

589 2027 772 2111 QUAEs‘no
802 2029 827 2092 Ι.

344 2174 399 2233 Ad
413 2176 555 2251 primam
583 2154 793 2249 Quoestioizem
815 2176 860 2234 sic
876 2174 1076 2252 proceditur:

318 2314 465 2377 Videtur
488 2316 580 2397 quod
604 2318 649 2379 sit
674 2316 733 2377 iila
755 2318 843 2377 ratio
867 2316 1078 2378 Sacramenti
1103 2312 1192 2395 Bap

228 2424 320 2483 tismi
353 2420 530 2484 definitiva
563 2442 666 2503 quam
700 2424 797 2504 ponit
831 2421 1010 2504 Magister,
1045 2422 1189 2483 scilicet:

229 2528 429 2609 Baptismus
452 2538 505 2591 est
528 2531 685 2592 intinctio
701 2539 776 2599 etc..
789 2532 871 2611 quia
881 2548 961 2611 pars
976 2529 1188 2591 Sacramenti

229 2634 398 2716 Baptismi
423 2656 491 2698 non
515 2638 720 2717 praedicatur
743 2638 786 2699 de
809 2646 883 2699 toto
907 2636 1100 2716 Baptism0;
1129 2635 1190 2697 sed

228 2742 358 2803 ablutio
382 2752 434 2805 est
458 2762 537 2824 pars
561 2740 772 2806 Sacramenti
797 2744 980 2824 Baptismi;
1005 2760 1091 2824 ergo
1121 2760 1189 2803 non

228 2850 432 2929 praedieatur
455 2851 497 2911 de
520 2858 603 2911 toto,
629 2850 741 2909 Minor
762 2850 935 2931 probatur.
961 2851 1042 2930 quia
1063 2849 1108 2911 ad
1131 2846 1191 2909 Sa·

227 2965 438 3018 eramentum
463 2956 631 3037 Baptismi
657 2976 725 3018 non
749 2956 862 3039 solum
872 2958 1044 3018 concurrit
1060 2955 1190 3017 ablutio

227 3080 305 3123 cum
331 3082 428 3143 aqua,
453 3063 513 3124 sed
530 3064 702 3125 concurrit
717 3065 820 3125 etiam
836 3064 983 3143 prolatio
995 3063 1188 3125 verborum.

322 3170 436 3229 Contra
460 3180 513 3231 est
537 3168 707 3252 Magister
730 3172 763 3230 in
787 3172 888 3231 litera.

318 3274 379 3336 An
404 3290 522 3337 ILLAM
546 3290 802 3352 QUAESTIONEM
834 3276 911 3339 dico
945 3286 1015 3338 tres
1049 3274 1191 3339 Conclu-

228 3383 352 3443 siones.

318 3488 439 3556 Prima,
468 3490 565 3569 cujus
589 3492 679 3551 entis
702 3500 756 3552 est
778 3488 941 3558 definitio,
965 3500 1004 3551 ut
1025 3490 1138 3570 patuit
1162 3506 1190 3549 ι.

227 3616 256 3671 q.
283 3594 378 3671 hujus
401 3615 451 3671 a:
474 3606 526 3658 est
550 3598 640 3657 enim
666 3595 818 3659 definitio
842 3600 933 3659 entis
956 3597 1096 3677 positivi
1130 3615 1193 3675 per
