2600 4200
304 279 495 341 Drsrmcr.
518 277 583 340 ΧΗ
607 275 755 357 Quffisr.
782 277 793 338 l
996 294 1038 362 97

177 485 396 548 RESPONDEO.
413 485 451 546 ln
469 484 529 545 ista
545 482 727 566 quaestione
751 493 826 544 sunt
842 483 908 544 duo
924 484 1060 550 articuli.

123 587 244 664 Primus,
256 591 280 653 si
297 592 390 652 Deus
413 598 522 672 potest
537 589 642 651 facere
665 599 848 652 creaturam
873 589 1061 653 rationalem

124 693 340 775 impeccabilem
375 717 433 778 per
467 706 637 770 naturam;
662 695 819 757 sccundus
854 696 878 756 si
914 696 1062 760 Christus

122 803 208 880 potuit
227 825 368 885 peccare.
385 803 572 868 Primus
597 801 829 867 Articulum
851 812 940 884 patet
958 804 1011 866 lib.
1029 824 1059 868 2.

121 906 311 992 duma

172 1123 228 1188 Be
240 1124 441 1195 uemmlo,
454 1117 616 1186 scilicet‘si
635 1122 783 1186 Christus
797 1123 903 1204 potuit
915 1145 1058 1204 peccare,

118 1227 177 1289 dic)
195 1233 278 1311 quod
309 1233 354 1293 de
389 1231 519 1294 Christo
555 1251 730 1310 possumus
767 1229 855 1312 loqui
879 1231 1058 1312 dupliciter,

118 1333 179 1413 quia
198 1349 249 1399 aut
271 1338 303 1400 in
328 1347 492 1418 quantum
517 1337 618 1409 Deus
635 1346 692 1398 aut
716 1337 841 1398 ratione
865 1347 989 1399 naturae
1013 1359 1059 1400 as·

117 1452 244 1522 sumptae.
257 1445 293 1507 Si
318 1445 494 1524 loquamur
510 1444 552 1505 de
569 1443 699 1506 Christo
724 1443 755 1504 in
779 1453 939 1524 quantum
959 1443 1057 1517 Deus,

117 1556 189 1624 patet
209 1552 294 1631 quod
327 1570 394 1612 nou
418 1559 526 1631 potest
550 1570 694 1631 peccare,
719 1549 795 1630 quia
817 1542 850 1610 in
875 1551 948 1612 Deo
972 1551 1058 1613 nulla

115 1654 187 1715 cadit
206 1656 386 1738 obliquitas,
413 1655 446 1720 Si
471 1666 580 1718 autem
607 1656 772 1737 loquimur
796 1657 836 1718 de
861 1656 989 1720 Christo
1014 1679 1059 1719 ra·

115 1757 187 1822 tione
207 1772 329 1824 naturae
353 1771 542 1843 assumptae,
569 1761 632 1824 hoc
656 1771 854 1843 potestesse
878 1763 1056 1845 dupliciter,

113 1883 177 1943 qua
197 1879 250 1929 aut
284 1869 409 1931 ratione
444 1878 569 1930 naturae
603 1877 780 1949 assumpta
805 1888 844 1930 eo
868 1870 968 1931 modo
991 1891 1057 1951 quo

112 1984 259 2055 assumpta
280 1984 330 2038 est
345 1977 387 2037 de
403 1974 499 2049 fact0,
512 1984 570 2036 aut
586 1975 709 2036 ratione
730 1984 854 2036 naturae
879 1985 1056 2057 assumptae

112 2095 145 2139 eo
158 2081 249 2143 modo
264 2104 332 2165 quo
356 2083 464 2165 potuit
486 2080 618 2144 assumi.
637 2080 670 2145 Si
692 2081 854 2163 loquimur
870 2083 911 2145 de
928 2081 1058 2147 Christo

111 2183 155 2245 illo
176 2188 284 2251 ultimo
308 2190 420 2263 modo,
434 2189 477 2250 illi
500 2189 556 2270 qui
580 2189 694 2250 dicunt
719 2190 807 2269 quod
824 2210 865 2249 ex
883 2189 913 2251 vi
931 2190 1057 2253 unionis

110 2308 165 2353 non
187 2296 361 2359 necessario
384 2296 529 2377 sequitur
553 2294 672 2369 fruitio
691 2294 715 2356 si
741 2294 871 2358 Christo
896 2316 959 2358 non
985 2296 1056 2358 suis-

109 2406 148 2458 set
168 2402 277 2464 collata
300 2423 431 2465 summa
454 2402 567 2485 gratia,
581 2401 703 2464 habent
728 2402 833 2464 dicere
852 2404 942 2483 quod
967 2402 1055 2467 Chri-

107 2513 165 2567 stus
183 2508 286 2588 potuit
310 2529 454 2590 peccare.
476 2509 511 2572 Si
534 2517 644 2570 autem
671 2509 844 2589 loquamur
867 2510 908 2571 de
926 2509 1054 2572 Christo

107 2611 214 2676 ratione
235 2625 361 2677 naturae
384 2623 563 2696 assumpta:
588 2635 628 2678 eo
662 2616 761 2677 modo
786 2636 853 2696 quo
888 2625 1055 2698 assumpta

106 2727 145 2777 est
164 2720 202 2781 de
222 2720 317 2797 lacto,
338 2723 475 2803 planum
498 2731 547 2784 est
571 2742 628 2803 per
652 2742 766 2784 omnes
791 2723 880 2803 quod
906 2744 971 2785 non
996 2744 1053 2804 po-

106 2828 158 2884 test
177 2846 318 2907 peceare.

161 2933 206 2993 Et
225 2933 283 2997 leuc
302 2935 462 3015 probatur
496 2934 620 2996 ratione
656 2934 769 3016 gratiae
794 2934 996 2997 confirmatae
1021 2945 1053 2997 et

104 3036 211 3101 ratione
233 3041 345 3123 gloriae
379 3051 591 3103 consumatae.
617 3041 672 3101 Ex
708 3051 799 3121 parte
830 3042 953 3123 gratim
977 3062 1052 3122 pro-

103 3138 187 3205 batur
208 3147 262 3207 sic:
286 3146 507 3211 Confirmatus
531 3147 683 3229 ingratia
708 3168 772 3208 nou
791 3158 897 3228 potest
922 3148 1051 3211 deviare

106 3249 148 3309 vel
170 3271 317 3331 peccare;
340 3254 397 3315 sed
414 3253 562 3317 Christus
578 3252 638 3315 fuit
654 3252 866 3315 confirmatus
883 3254 913 3315 in
933 3255 1051 3335 gratia:

104 3370 181 3435 ergo.
203 3358 258 3420 Ex
283 3368 372 3440 parte
391 3360 509 3442 glorioe
544 3360 701 3442 probatur
725 3360 778 3422 sic.
804 3360 967 3423 Voluntas
995 3361 1052 3424 im·

103 3478 194 3526 mersa
216 3465 344 3545 objecto
367 3465 517 3529 beatifico
541 3487 597 3548 per
621 3465 806 3529 fruitionem
844 3488 908 3531 non
946 3478 1052 3549 potest

102 3565 218 3633 deviare
240 3573 291 3633 vel
314 3594 468 3655 peccare;
492 3573 549 3636 sed
573 3574 723 3635 voluntas
748 3572 866 3635 Christi
901 3583 948 3636 est
980 3596 1051 3656 per-

103 3669 174 3737 fecte
194 3677 343 3742 immersa
366 3679 496 3762 objecto
521 3678 692 3756 beatific0;
717 3699 806 3759 ergo,

941 3805 954 3845 r
