2600 4200
225 244 289 290 200
496 226 570 290 Lrs.
596 226 640 289 111
665 226 960 291 Sarranrmnon

200 432 369 514 proposito
382 430 483 493 homo
506 432 602 493 debet
615 432 692 513 pius.
712 431 868 513 respicere
880 428 982 492 filium
1006 440 1038 492 et
1053 450 1167 492 amare

185 558 301 619 quam
326 548 462 620 patrem.

183 686 187 695 ·
270 660 299 723 3.
323 644 492 717 Praeterea,
517 644 620 735 gratia
643 665 699 707 seu
713 643 852 707 charitas
874 644 1097 707 conformatur
1110 664 1166 707 na-

183 758 301 825 -turae;
326 751 381 812 sed
413 751 598 813 naturaliter
622 751 772 813 videmus
795 751 885 833 quod
916 750 1065 812 homines
1089 751 1164 831 plus

200 856 342 939 diligunt
365 855 446 919 filios
469 876 570 939 quam
594 866 762 939 parentes;
785 878 865 939 ergo
889 857 1068 919 secundum
1093 876 1164 938 gra-

185 963 280 1029 ,tiam
303 973 336 1025 et
359 962 550 1025 charitatem
586 964 659 1045 plus
682 972 758 1025 sunt
793 963 946 1044 diligendi
985 961 1039 1024 filii
1063 982 1166 1043 quarn

88 1148 91 1165 Ι
201 1078 350 1151 parentes
373 1069 422 1131 vel
447 1078 563 1151 patres

184 1222 188 1228 -
273 1172 392 1239 Contra
415 1185 463 1237 est
486 1175 641 1257 Magister
666 1176 698 1237 in
722 1176 837 1238 littera.

269 1283 503 1346 RESPONDEO.
518 1282 576 1345 Ad
599 1282 694 1345 istam
708 1282 923 1364 quaestionem
940 1282 1078 1344 breviter
1090 1282 1166 1343 dico

199 1390 289 1469 quod
314 1388 493 1451 secundom
526 1389 674 1451 ordinem
699 1388 865 1451 charitatis
900 1388 973 1469 plus
995 1397 1071 1449 sunt
1093 1386 1164 1448 dili-

201 1494 307 1575 gendi
323 1504 472 1575 parentes
494 1514 594 1576 quarn
620 1494 685 1557 filii.
719 1494 793 1559 Hoc
817 1504 908 1577 patet
942 1514 998 1575 per
1021 1493 1167 1556 Ambro-

201 1600 284 1662 sium
309 1601 391 1662 sicut
413 1602 533 1683 allegat
557 1622 634 1663 eum
659 1601 816 1683 Magister
832 1600 863 1663 in
888 1600 992 1662 littera
1015 1600 1070 1680 qui
1086 1599 1166 1661 dicit

200 1708 293 1789 quod
316 1707 422 1789 primo
438 1708 623 1790 diligendus
646 1719 696 1771 est
720 1710 820 1779 Deus.
837 1707 981 1770 secundo
1005 1716 1163 1787 parentes

201 1813 318 1875 deinde
341 1812 405 1875 filii.

269 1920 442 1995 Praeterea,
466 1922 620 1983 mandata
651 1920 712 1984 Dei
736 1930 812 1984 sunt
841 1920 960 1982 tradita
983 1918 1163 1981 secundum
1241 1989 1245 1995 Ι

201 2027 348 2089 ordinem
374 2028 552 2103 charitatis,
578 2029 633 2091 sed
663 2048 764 2090 unum
787 2028 830 2089 de
853 2028 968 2089 decem
992 2025 1167 2110 praeceptis

202 2144 267 2196 est:
292 2134 427 2198 Honora
451 2145 576 2218 patrem
601 2146 696 2197 tuum
720 2144 753 2197 et
777 2144 915 2197 matrem
940 2143 1048 2208 tuam;
1082 2153 1166 2214 ergo

202 2261 294 2302 amor
318 2240 480 2304 charitatis
504 2243 576 2324 plus
600 2243 702 2304 estad
726 2251 875 2323 parentes
898 2261 999 2322 quam
1012 2242 1053 2302 ad
1070 2238 1164 2301 filios.

270 2348 438 2420 Praeterea,
452 2349 632 2411 secundum
646 2349 793 2410 ordinem
806 2347 970 2410 charitatis
987 2347 1075 2408 illurn
1089 2346 1168 2428 plus

202 2462 351 2517 tenemur
376 2455 508 2536 diligere
534 2476 632 2537 aquo
657 2455 829 2536 recipimus
852 2454 946 2535 plura
958 2453 1044 2515 bona
1066 2461 1099 2516 et
1110 2453 1168 2514 be·

203 2557 334 2634 neficia;
359 2561 414 2622 sed
439 2561 490 2622 ille
513 2583 532 2623 a
555 2583 622 2643 quo
647 2561 820 2644 recipimus
832 2560 924 2642 plura
936 2558 1091 2621 beneficia
1113 2569 1168 2622 est

203 2675 313 2748 pater;
338 2687 427 2749 ergo.

270 2773 438 2848 Praeterea,
473 2773 577 2855 major
600 2783 649 2835 est
683 2773 839 2856 obligatio
861 2771 996 2836 effectus
1025 2773 1067 2833 ad
1090 2791 1169 2832 cau-

202 2899 273 2940 sam
297 2899 396 2959 quarn
421 2900 527 2942 causae
551 2880 593 2941 ad
624 2879 793 2955 effectum
817 2879 874 2941 sed
905 2877 1007 2942 homo
1030 2897 1170 2959 compa·

204 2993 293 3048 ratur
316 2987 358 3047 ad
383 2995 507 3067 patrern
532 2985 615 3048 sicut
638 2987 680 3048 ad
704 3005 846 3059 causam,
871 2986 913 3047 ad
936 2983 1170 3048 filiumautem

206 3101 244 3152 ut
255 3091 296 3153 ad
310 3091 459 3154 effectum
472 3113 479 3168 ;
503 3113 582 3174 ergo
596 3093 669 3174 plus
692 3092 855 3174 obligatur
868 3091 950 3174 patri
963 3111 1063 3174 quam
1087 3089 1171 3162 filio,

204 3205 237 3258 et
262 3217 317 3277 per
341 3217 541 3279 consequens
565 3198 638 3279 pius
662 3207 788 3260 tenetur
812 3207 961 3278 parentes
984 3196 1125 3277 diligere.

272 3303 446 3378 Praeterea,
483 3304 560 3366 illud
597 3305 669 3386 plus
703 3315 852 3367 tenemur
885 3304 1019 3385 diligere
1052 3322 1173 3364 amore

203 3407 369 3472 charitatis
404 3411 454 3472 cui
490 3413 670 3474 secundum
705 3412 868 3473 dictamen
903 3418 1000 3473 rectae
1032 3407 1173 3471 rationis

206 3515 310 3596 magis
333 3525 481 3578 tenemur
505 3518 676 3579 subvenire
698 3527 847 3599 tempore
870 3515 1082 3579 necessitatis:
1108 3518 1173 3578 sed

204 3623 385 3683 secundum
409 3623 571 3686 dictamen
599 3633 695 3686 rectae
720 3624 852 3687 rationis
876 3622 980 3706 magis
1014 3632 1173 3685 tenemur
