2600 4200
329 228 518 290 Drsrmcr.
545 226 667 289 XLIII
694 225 845 306 Quffisr.
870 225 905 286 II
1023 243 1084 303 345

236 477 298 539 An
322 490 595 538 Aneuurmun
621 479 654 535 io
678 477 870 536 contrarium
905 475 982 535 dico
1016 475 1110 554 quod

142 584 273 646 coelum
299 603 471 663 nunquam
497 592 661 644 atteretur
685 591 851 662 quantum
875 580 918 642 ab
953 582 1109 642 substan·

145 692 240 760 tiam,
264 700 378 751 tamen
404 697 568 751 atteretur
590 698 757 769 quantum
773 688 816 749 ad
832 686 1048 749 efficientiam
1072 688 1108 747 in

144 799 214 864 ista
248 795 409 858 inferiora
443 796 640 877 generando
674 805 709 856 et
742 795 1001 875 corrumpendo
1025 795 1108 874 quia

143 913 226 984 post
245 904 411 983 judicium
436 903 584 964 cessabit
608 903 675 963 ista
699 899 884 963 influentia.

500 1165 687 1248 Qumsno
711 1166 755 1229 ΙΙ.

236 1311 292 1370 Ad
311 1311 476 1370 secundom
505 1311 714 1384 Quaestionem
737 1312 781 1369 sic
806 1309 1012 1387 proceditur:

235 1469 383 1531 Videtur
406 1471 498 1549 quod
521 1489 583 1550 per
605 1472 772 1530 rationem
807 1468 996 1530 naturalem
1031 1487 1108 1548 pos

142 1579 192 1639 sit
203 1595 279 1638 esse
290 1585 410 1637 notum
423 1577 704 1638 resurrectionem
717 1575 912 1657 generalem
929 1574 1106 1638 hominum

143 1703 221 1745 esse
245 1682 405 1752 futuram,
429 1685 511 1763 quia
535 1683 690 1744 naturale
716 1681 923 1743 desideritim
957 1699 1026 1743 non
1050 1700 1108 1761 po-

142 1799 213 1852 test
236 1809 312 1852 esse
335 1787 462 1850 frustra
488 1789 675 1850 secundum
707 1787 896 1851 Comment.
918 1806 947 1848 2.
966 1787 1106 1865 Melopi.

144 1895 216 1960 Sed
238 1897 341 1958 homo
358 1896 512 1957 naturale
543 1895 749 1956 desiderium
778 1894 880 1955 habet
910 1894 954 1955 ad
970 1913 1107 1974 semper

142 2023 231 2074 esse,
256 2011 290 2065 et
313 2003 399 2064 illud
422 2003 627 2064 desiderium
652 2010 866 2082 potestesse
892 2010 1011 2062 notum
1045 2020 1109 2081 per

102 2115 107 2121 ’
143 2113 311 2173 rationem
336 2110 546 2181 naturalem;
572 2130 667 2191 ergo,
692 2120 756 2170 etc.

238 2218 363 2279 Contra.
388 2216 568 2279 Articulus
603 2215 682 2278 fidei
719 2235 786 2277 non
821 2226 874 2277 est
909 2226 1010 2276 notus
1044 2234 1107 2295 per

96 2302 99 2309 Ι
143 2325 310 2385 rationem
335 2325 546 2395 naturalem
586 2323 647 2385 sed
686 2323 889 2383 resurrectio
927 2322 1109 2383 hominum

141 2439 198 2492 est
220 2429 385 2491 articulus
408 2428 508 2500 fidei;
534 2431 650 2511 igitur.
691 2424 695 2436 ’

234 2536 277 2597 IN
301 2548 386 2597 ISTA
403 2533 637 2615 QUAESTIONE
661 2543 807 2614 possunt
829 2554 906 2596 esse
917 2544 987 2595 tres
1010 2534 1107 2595 Arti-

141 2642 211 2704 culi
236 2643 422 2703 secundum
447 2651 517 2702 tres
551 2643 741 2721 opiniones.
772 2642 845 2701 Una
879 2641 963 2702 dicit
996 2659 1107 2706 resurr

142 2750 327 2810 roetionem
352 2747 547 2830 generalem
571 2748 750 2808 hominum
765 2766 841 2808 esse
857 2745 1017 2815 futuram,
1036 2767 1105 2808 non

128 2864 258 2923 ,tamen
281 2874 342 2934 per
365 2855 531 2915 rationem
563 2852 753 2914 naturalem
776 2872 798 2913 a
813 2855 930 2929 priori.
955 2853 1034 2912 Alia
1057 2854 1107 2913 di·

141 2962 190 3022 cit
214 2961 305 3040 quod
329 2970 381 3022 est
405 2968 523 3021 notum
549 2961 764 3036 aposteriori.
798 2959 912 3025 Tertia,
933 2958 1026 3037 quod
1042 2978 1105 3019 nec

142 3077 197 3129 est
220 3076 338 3128 notum
366 3086 386 3127 a
402 3068 512 3144 priori
545 3085 606 3127 nec
642 3084 663 3125 a
690 3066 868 3141 posteriori,
897 3065 958 3126 sed
992 3065 1104 3126 solum

132 3174 205 3252 fide
228 3182 392 3235 tenemur.

232 3384 387 3448 Prima
410 3384 553 3464 operto
577 3385 698 3447 nititur
726 3385 1006 3445 resurrectionem
1029 3402 1106 3463 pro

140 3490 225 3553 bare
247 3510 268 3553 a
291 3493 407 3571 priori,
431 3502 466 3553 et
490 3494 606 3573 arguit
633 3493 704 3553 sic:
729 3490 860 3552 Anima
895 3490 1106 3551 intellectiva

140 3606 196 3659 est
219 3596 329 3660 forma
352 3597 511 3678 specifica
533 3598 705 3669 hominis;
731 3597 791 3658 sed
817 3598 931 3657 anima
954 3597 1106 3658 intellec·
