<?xml version="1.0" encoding="UTF-8"?>
<!DOCTYPE html PUBLIC "-//W3C//DTD XHTML 1.0 Transitional//EN"
    "http://www.w3.org/TR/xhtml1/DTD/xhtml1-transitional.dtd">
<html xmlns="http://www.w3.org/1999/xhtml" xml:lang="en" lang="en">
 <head>
  <title>
</title>
<meta http-equiv="Content-Type" content="text/html;charset=utf-8" />
  <meta name='ocr-system' content='tesseract 3.04.00' />
  <meta name='ocr-capabilities' content='ocr_page ocr_carea ocr_par ocr_line ocrx_word'/>
</head>
<body>
  <div class='ocr_page' id='page_1' title='image "./commentariainli02scotgoog_0362.png"; bbox 0 0 2600 4200; ppageno 0'>
   <div class='ocr_carea' id='block_1_1' title="bbox 210 203 918 281">
    <p class='ocr_par' dir='ltr' id='par_1_1' title="bbox 210 203 918 281">
     <span class='ocr_line' id='line_1_1' title="bbox 210 203 918 281; baseline -0.006 -15"><span class='ocrx_word' id='word_1_1' title='bbox 210 209 251 281; x_wconf 85' lang='lat'>84</span> <span class='ocrx_word' id='word_1_2' title='bbox 435 204 509 264; x_wconf 82' lang='lat' dir='ltr'>Lm.</span> <span class='ocrx_word' id='word_1_3' title='bbox 536 203 587 264; x_wconf 85' lang='lat' dir='ltr'>IV</span> <span class='ocrx_word' id='word_1_4' title='bbox 612 203 918 264; x_wconf 75' lang='lat' dir='ltr'>Senreurmnmr</span> 
     </span>
    </p>
   </div>
   <div class='ocr_carea' id='block_1_2' title="bbox 185 379 1152 682">
    <p class='ocr_par' dir='ltr' id='par_1_2' title="bbox 185 379 1152 682">
     <span class='ocr_line' id='line_1_2' title="bbox 186 379 1152 462; baseline -0.002 -19"><span class='ocrx_word' id='word_1_5' title='bbox 186 385 311 444; x_wconf 87' lang='lat' dir='ltr'>animae</span> <span class='ocrx_word' id='word_1_6' title='bbox 335 384 493 443; x_wconf 75' lang='lat' dir='ltr'>essentia.</span> <span class='ocrx_word' id='word_1_7' title='bbox 520 379 617 443; x_wconf 86' lang='lat' dir='ltr'>Sicut</span> <span class='ocrx_word' id='word_1_8' title='bbox 640 399 766 460; x_wconf 89' lang='lat' dir='ltr'>corpus</span> <span class='ocrx_word' id='word_1_9' title='bbox 782 382 1006 462; x_wconf 85' lang='lat' dir='ltr'>distinguitur</span> <span class='ocrx_word' id='word_1_10' title='bbox 1023 380 1065 441; x_wconf 86' lang='lat' dir='ltr'>ab</span> <span class='ocrx_word' id='word_1_11' title='bbox 1082 380 1152 441; x_wconf 83' lang='lat' dir='ltr'>alio</span> 
     </span>
     <span class='ocr_line' id='line_1_3' title="bbox 185 487 1152 570; baseline -0.004 -20"><span class='ocrx_word' id='word_1_12' title='bbox 185 508 339 570; x_wconf 88' lang='lat' dir='ltr'>corpore,</span> <span class='ocrx_word' id='word_1_13' title='bbox 364 508 432 550; x_wconf 95' lang='lat' dir='ltr'>non</span> <span class='ocrx_word' id='word_1_14' title='bbox 456 499 571 550; x_wconf 90' lang='lat' dir='ltr'>tamen</span> <span class='ocrx_word' id='word_1_15' title='bbox 595 497 730 568; x_wconf 81' lang='lat' dir='ltr'>oportet</span> <span class='ocrx_word' id='word_1_16' title='bbox 747 487 839 568; x_wconf 92' lang='lat' dir='ltr'>quod</span> <span class='ocrx_word' id='word_1_17' title='bbox 855 488 948 548; x_wconf 90' lang='lat' dir='ltr'>color</span> <span class='ocrx_word' id='word_1_18' title='bbox 965 489 1009 548; x_wconf 92' lang='lat' dir='ltr'>sit</span> <span class='ocrx_word' id='word_1_19' title='bbox 1025 489 1059 547; x_wconf 94' lang='lat' dir='ltr'>in</span> <span class='ocrx_word' id='word_1_20' title='bbox 1076 496 1152 547; x_wconf 94' lang='lat' dir='ltr'>toto</span> 
     </span>
     <span class='ocr_line' id='line_1_4' title="bbox 187 592 1149 682; baseline -0.004 -26"><span class='ocrx_word' id='word_1_21' title='bbox 187 615 340 676; x_wconf 90' lang='lat' dir='ltr'>corpore,</span> <span class='ocrx_word' id='word_1_22' title='bbox 367 595 426 656; x_wconf 90' lang='lat' dir='ltr'>sed</span> <span class='ocrx_word' id='word_1_23' title='bbox 451 593 576 656; x_wconf 91' lang='lat' dir='ltr'>sufficit</span> <span class='ocrx_word' id='word_1_24' title='bbox 592 595 684 674; x_wconf 93' lang='lat' dir='ltr'>quod</span> <span class='ocrx_word' id='word_1_25' title='bbox 709 596 753 655; x_wconf 92' lang='lat' dir='ltr'>sit</span> <span class='ocrx_word' id='word_1_26' title='bbox 770 596 805 655; x_wconf 90' lang='lat' dir='ltr'>in</span> <span class='ocrx_word' id='word_1_27' title='bbox 818 592 1006 682; x_wconf 83' lang='lat' dir='ltr'>superficie.</span> <span class='ocrx_word' id='word_1_28' title='bbox 1021 630 1061 636; x_wconf 95' lang='lat'>—</span> <span class='ocrx_word' id='word_1_29' title='bbox 1076 592 1149 653; x_wconf 84' lang='lat' dir='ltr'>Nec</span> 
     </span>
    </p>
   </div>
   <div class='ocr_carea' id='block_1_3' title="bbox 185 700 1153 1296">
    <p class='ocr_par' dir='ltr' id='par_1_3' title="bbox 185 700 1153 1296">
     <span class='ocr_line' id='line_1_5' title="bbox 186 700 1152 782; baseline -0.004 -18"><span class='ocrx_word' id='word_1_30' title='bbox 186 702 375 764; x_wconf 92' lang='lat' dir='ltr'>secundum</span> <span class='ocrx_word' id='word_1_31' title='bbox 399 703 504 782; x_wconf 85' lang='lat' dir='ltr'>cogit,</span> <span class='ocrx_word' id='word_1_32' title='bbox 530 703 611 781; x_wconf 91' lang='lat' dir='ltr'>quia</span> <span class='ocrx_word' id='word_1_33' title='bbox 634 703 738 778; x_wconf 84' lang='lat' dir='ltr'>major</span> <span class='ocrx_word' id='word_1_34' title='bbox 760 712 812 762; x_wconf 89' lang='lat' dir='ltr'>est</span> <span class='ocrx_word' id='word_1_35' title='bbox 835 719 917 760; x_wconf 91' lang='lat' dir='ltr'>vera</span> <span class='ocrx_word' id='word_1_36' title='bbox 940 701 982 760; x_wconf 91' lang='lat' dir='ltr'>de</span> <span class='ocrx_word' id='word_1_37' title='bbox 1010 700 1070 760; x_wconf 88' lang='lat' dir='ltr'>illa</span> <span class='ocrx_word' id='word_1_38' title='bbox 1085 700 1152 760; x_wconf 90' lang='lat' dir='ltr'>dis·</span> 
     </span>
     <span class='ocr_line' id='line_1_6' title="bbox 185 805 1151 889; baseline -0.004 -19"><span class='ocrx_word' id='word_1_39' title='bbox 185 811 358 889; x_wconf 85' lang='lat' dir='ltr'>positione</span> <span class='ocrx_word' id='word_1_40' title='bbox 382 827 459 888; x_wconf 85' lang='lat' dir='ltr'>quae</span> <span class='ocrx_word' id='word_1_41' title='bbox 482 805 521 868; x_wconf 87' lang='lat' dir='ltr'>fit</span> <span class='ocrx_word' id='word_1_42' title='bbox 543 807 692 876; x_wconf 91' lang='lat' dir='ltr'>habitus,</span> <span class='ocrx_word' id='word_1_43' title='bbox 718 807 777 868; x_wconf 90' lang='lat' dir='ltr'>sed</span> <span class='ocrx_word' id='word_1_44' title='bbox 801 808 843 869; x_wconf 96' lang='lat' dir='ltr'>de</span> <span class='ocrx_word' id='word_1_45' title='bbox 867 807 934 867; x_wconf 88' lang='lat' dir='ltr'>alia</span> <span class='ocrx_word' id='word_1_46' title='bbox 957 807 1151 886; x_wconf 90' lang='lat' dir='ltr'>dispositio-</span> 
     </span>
     <span class='ocr_line' id='line_1_7' title="bbox 186 914 1153 994; baseline -0.004 -17"><span class='ocrx_word' id='word_1_47' title='bbox 186 936 229 978; x_wconf 92' lang='lat' dir='ltr'>ne</span> <span class='ocrx_word' id='word_1_48' title='bbox 253 916 318 976; x_wconf 93' lang='lat' dir='ltr'>hoc</span> <span class='ocrx_word' id='word_1_49' title='bbox 343 934 410 976; x_wconf 91' lang='lat' dir='ltr'>non</span> <span class='ocrx_word' id='word_1_50' title='bbox 435 923 582 994; x_wconf 76' lang='lat' dir='ltr'>oportet,</span> <span class='ocrx_word' id='word_1_51' title='bbox 608 914 746 975; x_wconf 90' lang='lat' dir='ltr'>habitus</span> <span class='ocrx_word' id='word_1_52' title='bbox 773 915 864 974; x_wconf 91' lang='lat' dir='ltr'>enim</span> <span class='ocrx_word' id='word_1_53' title='bbox 900 915 1002 974; x_wconf 90' lang='lat' dir='ltr'>unius</span> <span class='ocrx_word' id='word_1_54' title='bbox 1033 921 1153 992; x_wconf 91' lang='lat' dir='ltr'>poten·</span> 
     </span>
     <span class='ocr_line' id='line_1_8' title="bbox 185 1018 1149 1102; baseline -0.004 -18"><span class='ocrx_word' id='word_1_55' title='bbox 185 1024 244 1084; x_wconf 88' lang='lat' dir='ltr'>tiae</span> <span class='ocrx_word' id='word_1_56' title='bbox 267 1031 381 1102; x_wconf 91' lang='lat' dir='ltr'>potest</span> <span class='ocrx_word' id='word_1_57' title='bbox 404 1022 585 1102; x_wconf 84' lang='lat' dir='ltr'>disponere</span> <span class='ocrx_word' id='word_1_58' title='bbox 610 1021 653 1081; x_wconf 92' lang='lat' dir='ltr'>ad</span> <span class='ocrx_word' id='word_1_59' title='bbox 677 1018 820 1081; x_wconf 81' lang='lat' dir='ltr'>formam</span> <span class='ocrx_word' id='word_1_60' title='bbox 848 1030 882 1081; x_wconf 92' lang='lat' dir='ltr'>et</span> <span class='ocrx_word' id='word_1_61' title='bbox 906 1021 949 1081; x_wconf 90' lang='lat' dir='ltr'>ad</span> <span class='ocrx_word' id='word_1_62' title='bbox 964 1021 1149 1081; x_wconf 89' lang='lat' dir='ltr'>terminum</span> 
     </span>
     <span class='ocr_line' id='line_1_9' title="bbox 187 1124 1150 1208; baseline -0.004 -18"><span class='ocrx_word' id='word_1_63' title='bbox 187 1129 329 1190; x_wconf 88' lang='lat' dir='ltr'>alterius</span> <span class='ocrx_word' id='word_1_64' title='bbox 352 1129 526 1208; x_wconf 87' lang='lat' dir='ltr'>potentiae,</span> <span class='ocrx_word' id='word_1_65' title='bbox 552 1129 641 1189; x_wconf 91' lang='lat' dir='ltr'>sicut</span> <span class='ocrx_word' id='word_1_66' title='bbox 664 1127 802 1188; x_wconf 89' lang='lat' dir='ltr'>habitus</span> <span class='ocrx_word' id='word_1_67' title='bbox 825 1124 903 1188; x_wconf 88' lang='lat' dir='ltr'>fidei</span> <span class='ocrx_word' id='word_1_68' title='bbox 928 1127 1080 1206; x_wconf 89' lang='lat' dir='ltr'>disponit</span> <span class='ocrx_word' id='word_1_69' title='bbox 1106 1124 1150 1186; x_wconf 91' lang='lat' dir='ltr'>ad</span> 
     </span>
     <span class='ocr_line' id='line_1_10' title="bbox 188 1235 556 1296; baseline -0.005 0"><span class='ocrx_word' id='word_1_70' title='bbox 188 1235 346 1296; x_wconf 90' lang='lat' dir='ltr'>habitum</span> <span class='ocrx_word' id='word_1_71' title='bbox 371 1235 556 1296; x_wconf 82' lang='lat' dir='ltr'>charitatis</span> 
     </span>
    </p>
   </div>
   <div class='ocr_carea' id='block_1_4' title="bbox 186 1446 1153 3659">
    <p class='ocr_par' dir='ltr' id='par_1_4' title="bbox 186 1446 1153 3234">
     <span class='ocr_line' id='line_1_11' title="bbox 277 1446 1152 1526; baseline -0.007 -15"><span class='ocrx_word' id='word_1_72' title='bbox 277 1447 379 1511; x_wconf 72' lang='lat' dir='ltr'>Allo</span> <span class='ocrx_word' id='word_1_73' title='bbox 403 1447 547 1526; x_wconf 60' lang='lat' dir='ltr'>oblitio</span> <span class='ocrx_word' id='word_1_74' title='bbox 570 1457 623 1508; x_wconf 89' lang='lat' dir='ltr'>cst</span> <span class='ocrx_word' id='word_1_75' title='bbox 646 1447 739 1526; x_wconf 92' lang='lat' dir='ltr'>quod</span> <span class='ocrx_word' id='word_1_76' title='bbox 762 1446 937 1507; x_wconf 82' lang='lat' dir='ltr'>character</span> <span class='ocrx_word' id='word_1_77' title='bbox 960 1456 1012 1506; x_wconf 93' lang='lat' dir='ltr'>est</span> <span class='ocrx_word' id='word_1_78' title='bbox 1040 1447 1073 1506; x_wconf 93' lang='lat' dir='ltr'>in</span> <span class='ocrx_word' id='word_1_79' title='bbox 1095 1453 1152 1522; x_wconf 85' lang='lat' dir='ltr'>po·</span> 
     </span>
     <span class='ocr_line' id='line_1_12' title="bbox 187 1554 1153 1634; baseline -0.002 -20"><span class='ocrx_word' id='word_1_80' title='bbox 187 1557 284 1614; x_wconf 80' lang='lat' dir='ltr'>tentia</span> <span class='ocrx_word' id='word_1_81' title='bbox 307 1556 472 1632; x_wconf 62' lang='lat' dir='ltr'>cognitiva,</span> <span class='ocrx_word' id='word_1_82' title='bbox 501 1556 582 1634; x_wconf 87' lang='lat' dir='ltr'>quia</span> <span class='ocrx_word' id='word_1_83' title='bbox 606 1555 695 1615; x_wconf 92' lang='lat' dir='ltr'>sicut</span> <span class='ocrx_word' id='word_1_84' title='bbox 719 1554 832 1634; x_wconf 89' lang='lat' dir='ltr'>gratia</span> <span class='ocrx_word' id='word_1_85' title='bbox 854 1561 907 1614; x_wconf 89' lang='lat' dir='ltr'>est</span> <span class='ocrx_word' id='word_1_86' title='bbox 931 1555 964 1613; x_wconf 96' lang='lat' dir='ltr'>in</span> <span class='ocrx_word' id='word_1_87' title='bbox 1000 1554 1153 1613; x_wconf 85' lang='lat' dir='ltr'>essentia</span> 
     </span>
     <span class='ocr_line' id='line_1_13' title="bbox 188 1661 1152 1741; baseline -0.002 -19"><span class='ocrx_word' id='word_1_88' title='bbox 188 1663 321 1731; x_wconf 86' lang='lat' dir='ltr'>animae,</span> <span class='ocrx_word' id='word_1_89' title='bbox 347 1663 395 1721; x_wconf 86' lang='lat' dir='ltr'>ita</span> <span class='ocrx_word' id='word_1_90' title='bbox 418 1661 599 1740; x_wconf 91' lang='lat' dir='ltr'>dispositio</span> <span class='ocrx_word' id='word_1_91' title='bbox 623 1661 667 1720; x_wconf 97' lang='lat' dir='ltr'>ad</span> <span class='ocrx_word' id='word_1_92' title='bbox 691 1661 837 1741; x_wconf 84' lang='lat' dir='ltr'>gratiam</span> <span class='ocrx_word' id='word_1_93' title='bbox 862 1668 915 1720; x_wconf 90' lang='lat' dir='ltr'>est</span> <span class='ocrx_word' id='word_1_94' title='bbox 938 1661 972 1720; x_wconf 94' lang='lat' dir='ltr'>in</span> <span class='ocrx_word' id='word_1_95' title='bbox 996 1661 1152 1739; x_wconf 90' lang='lat' dir='ltr'>potentia</span> 
     </span>
     <span class='ocr_line' id='line_1_14' title="bbox 187 1766 1148 1846; baseline -0.003 -17"><span class='ocrx_word' id='word_1_96' title='bbox 187 1768 327 1839; x_wconf 83' lang='lat' dir='ltr'>animae;</span> <span class='ocrx_word' id='word_1_97' title='bbox 353 1766 413 1828; x_wconf 88' lang='lat' dir='ltr'>sed</span> <span class='ocrx_word' id='word_1_98' title='bbox 437 1767 612 1829; x_wconf 87' lang='lat' dir='ltr'>character</span> <span class='ocrx_word' id='word_1_99' title='bbox 636 1775 690 1827; x_wconf 91' lang='lat' dir='ltr'>est</span> <span class='ocrx_word' id='word_1_100' title='bbox 713 1766 894 1845; x_wconf 90' lang='lat' dir='ltr'>dispositio</span> <span class='ocrx_word' id='word_1_101' title='bbox 918 1767 962 1827; x_wconf 90' lang='lat' dir='ltr'>ad</span> <span class='ocrx_word' id='word_1_102' title='bbox 986 1767 1148 1846; x_wconf 86' lang='lat' dir='ltr'>gratiam;</span> 
     </span>
     <span class='ocr_line' id='line_1_15' title="bbox 187 1870 1152 1956; baseline -0.003 -21"><span class='ocrx_word' id='word_1_103' title='bbox 187 1875 296 1956; x_wconf 89' lang='lat' dir='ltr'>igitur</span> <span class='ocrx_word' id='word_1_104' title='bbox 319 1884 372 1934; x_wconf 91' lang='lat' dir='ltr'>est</span> <span class='ocrx_word' id='word_1_105' title='bbox 396 1875 430 1934; x_wconf 92' lang='lat' dir='ltr'>in</span> <span class='ocrx_word' id='word_1_106' title='bbox 455 1874 609 1952; x_wconf 90' lang='lat' dir='ltr'>potentia</span> <span class='ocrx_word' id='word_1_107' title='bbox 632 1873 766 1934; x_wconf 85' lang='lat' dir='ltr'>animae.</span> <span class='ocrx_word' id='word_1_108' title='bbox 792 1870 862 1932; x_wconf 85' lang='lat' dir='ltr'>Sed</span> <span class='ocrx_word' id='word_1_109' title='bbox 885 1891 953 1933; x_wconf 95' lang='lat' dir='ltr'>non</span> <span class='ocrx_word' id='word_1_110' title='bbox 977 1873 1012 1932; x_wconf 91' lang='lat' dir='ltr'>in</span> <span class='ocrx_word' id='word_1_111' title='bbox 1045 1872 1152 1951; x_wconf 92' lang='lat' dir='ltr'>quali-</span> 
     </span>
     <span class='ocr_line' id='line_1_16' title="bbox 186 1979 1153 2060; baseline -0.004 -18"><span class='ocrx_word' id='word_1_112' title='bbox 186 1981 246 2042; x_wconf 87' lang='lat' dir='ltr'>bet</span> <span class='ocrx_word' id='word_1_113' title='bbox 269 1982 423 2060; x_wconf 90' lang='lat' dir='ltr'>potentia</span> <span class='ocrx_word' id='word_1_114' title='bbox 446 1981 580 2049; x_wconf 85' lang='lat' dir='ltr'>animae,</span> <span class='ocrx_word' id='word_1_115' title='bbox 613 1980 695 2058; x_wconf 90' lang='lat' dir='ltr'>quia</span> <span class='ocrx_word' id='word_1_116' title='bbox 728 1997 805 2039; x_wconf 91' lang='lat' dir='ltr'>cum</span> <span class='ocrx_word' id='word_1_117' title='bbox 840 1979 1002 2058; x_wconf 86' lang='lat' dir='ltr'>potentiae</span> <span class='ocrx_word' id='word_1_118' title='bbox 1032 1979 1153 2039; x_wconf 90' lang='lat' dir='ltr'>distin·</span> 
     </span>
     <span class='ocr_line' id='line_1_17' title="bbox 188 2083 1150 2169; baseline -0.003 -21"><span class='ocrx_word' id='word_1_119' title='bbox 188 2097 340 2169; x_wconf 87' lang='lat' dir='ltr'>guantur</span> <span class='ocrx_word' id='word_1_120' title='bbox 369 2086 516 2157; x_wconf 86' lang='lat' dir='ltr'>realiter,</span> <span class='ocrx_word' id='word_1_121' title='bbox 552 2096 633 2148; x_wconf 90' lang='lat' dir='ltr'>tunc</span> <span class='ocrx_word' id='word_1_122' title='bbox 670 2105 737 2146; x_wconf 94' lang='lat' dir='ltr'>non</span> <span class='ocrx_word' id='word_1_123' title='bbox 773 2094 864 2147; x_wconf 89' lang='lat' dir='ltr'>esset</span> <span class='ocrx_word' id='word_1_124' title='bbox 898 2104 967 2147; x_wconf 90' lang='lat' dir='ltr'>una</span> <span class='ocrx_word' id='word_1_125' title='bbox 1000 2083 1150 2165; x_wconf 83' lang='lat' dir='ltr'>simplex</span> 
     </span>
     <span class='ocr_line' id='line_1_18' title="bbox 187 2191 1153 2275; baseline -0.002 -22"><span class='ocrx_word' id='word_1_126' title='bbox 187 2192 306 2255; x_wconf 83' lang='lat' dir='ltr'>forma.</span> <span class='ocrx_word' id='word_1_127' title='bbox 332 2192 446 2275; x_wconf 87' lang='lat' dir='ltr'>Igitur</span> <span class='ocrx_word' id='word_1_128' title='bbox 469 2203 522 2254; x_wconf 90' lang='lat' dir='ltr'>est</span> <span class='ocrx_word' id='word_1_129' title='bbox 546 2195 581 2254; x_wconf 91' lang='lat' dir='ltr'>in</span> <span class='ocrx_word' id='word_1_130' title='bbox 606 2194 707 2255; x_wconf 90' lang='lat' dir='ltr'>unica</span> <span class='ocrx_word' id='word_1_131' title='bbox 732 2193 895 2271; x_wconf 90' lang='lat' dir='ltr'>potentia.</span> <span class='ocrx_word' id='word_1_132' title='bbox 933 2191 1002 2253; x_wconf 84' lang='lat' dir='ltr'>Sed</span> <span class='ocrx_word' id='word_1_133' title='bbox 1036 2192 1153 2273; x_wconf 88' lang='lat' dir='ltr'>magis</span> 
     </span>
     <span class='ocr_line' id='line_1_19' title="bbox 188 2298 1151 2379; baseline -0.004 -18"><span class='ocrx_word' id='word_1_134' title='bbox 188 2299 392 2361; x_wconf 87' lang='lat' dir='ltr'>rationabile</span> <span class='ocrx_word' id='word_1_135' title='bbox 416 2310 469 2361; x_wconf 91' lang='lat' dir='ltr'>est</span> <span class='ocrx_word' id='word_1_136' title='bbox 492 2308 531 2360; x_wconf 91' lang='lat' dir='ltr'>ut</span> <span class='ocrx_word' id='word_1_137' title='bbox 554 2308 702 2379; x_wconf 93' lang='lat' dir='ltr'>ponatur</span> <span class='ocrx_word' id='word_1_138' title='bbox 725 2300 759 2359; x_wconf 93' lang='lat' dir='ltr'>in</span> <span class='ocrx_word' id='word_1_139' title='bbox 784 2299 939 2377; x_wconf 91' lang='lat' dir='ltr'>potentia</span> <span class='ocrx_word' id='word_1_140' title='bbox 972 2298 1151 2379; x_wconf 92' lang='lat' dir='ltr'>cognitiva</span> 
     </span>
     <span class='ocr_line' id='line_1_20' title="bbox 187 2403 1152 2486; baseline -0.002 -19"><span class='ocrx_word' id='word_1_141' title='bbox 187 2425 290 2486; x_wconf 89' lang='lat' dir='ltr'>quam</span> <span class='ocrx_word' id='word_1_142' title='bbox 316 2407 351 2467; x_wconf 94' lang='lat' dir='ltr'>in</span> <span class='ocrx_word' id='word_1_143' title='bbox 375 2406 452 2476; x_wconf 89' lang='lat' dir='ltr'>alia,</span> <span class='ocrx_word' id='word_1_144' title='bbox 477 2407 558 2486; x_wconf 90' lang='lat' dir='ltr'>quia</span> <span class='ocrx_word' id='word_1_145' title='bbox 581 2406 756 2466; x_wconf 86' lang='lat' dir='ltr'>character</span> <span class='ocrx_word' id='word_1_146' title='bbox 779 2414 832 2466; x_wconf 91' lang='lat' dir='ltr'>est</span> <span class='ocrx_word' id='word_1_147' title='bbox 863 2405 905 2465; x_wconf 90' lang='lat' dir='ltr'>ad</span> <span class='ocrx_word' id='word_1_148' title='bbox 937 2403 1152 2485; x_wconf 88' lang='lat' dir='ltr'>configuran-</span> 
     </span>
     <span class='ocr_line' id='line_1_21' title="bbox 188 2510 1151 2583; baseline -0.002 -10"><span class='ocrx_word' id='word_1_149' title='bbox 188 2513 269 2574; x_wconf 93' lang='lat' dir='ltr'>dum</span> <span class='ocrx_word' id='word_1_150' title='bbox 295 2514 482 2574; x_wconf 88' lang='lat' dir='ltr'>trinitatem</span> <span class='ocrx_word' id='word_1_151' title='bbox 522 2522 670 2574; x_wconf 89' lang='lat' dir='ltr'>creatam</span> <span class='ocrx_word' id='word_1_152' title='bbox 706 2512 850 2572; x_wconf 88' lang='lat' dir='ltr'>trinitati</span> <span class='ocrx_word' id='word_1_153' title='bbox 882 2513 1057 2583; x_wconf 84' lang='lat' dir='ltr'>increatae;</span> <span class='ocrx_word' id='word_1_154' title='bbox 1089 2510 1151 2571; x_wconf 90' lang='lat' dir='ltr'>sed</span> 
     </span>
     <span class='ocr_line' id='line_1_22' title="bbox 187 2618 1153 2700; baseline -0.003 -19"><span class='ocrx_word' id='word_1_155' title='bbox 187 2621 324 2681; x_wconf 90' lang='lat' dir='ltr'>trinitas</span> <span class='ocrx_word' id='word_1_156' title='bbox 348 2628 462 2681; x_wconf 89' lang='lat' dir='ltr'>creata</span> <span class='ocrx_word' id='word_1_157' title='bbox 485 2618 540 2680; x_wconf 92' lang='lat' dir='ltr'>vel</span> <span class='ocrx_word' id='word_1_158' title='bbox 565 2620 638 2700; x_wconf 90' lang='lat' dir='ltr'>ejus</span> <span class='ocrx_word' id='word_1_159' title='bbox 663 2620 778 2699; x_wconf 90' lang='lat' dir='ltr'>imago</span> <span class='ocrx_word' id='word_1_160' title='bbox 802 2620 960 2680; x_wconf 92' lang='lat' dir='ltr'>consistit</span> <span class='ocrx_word' id='word_1_161' title='bbox 982 2620 1153 2697; x_wconf 89' lang='lat' dir='ltr'>principa·</span> 
     </span>
     <span class='ocr_line' id='line_1_23' title="bbox 188 2714 1149 2806; baseline -0.003 -19"><span class='ocrx_word' id='word_1_162' title='bbox 188 2726 268 2787; x_wconf 88' lang='lat' dir='ltr'>liter</span> <span class='ocrx_word' id='word_1_163' title='bbox 290 2714 326 2788; x_wconf 90' lang='lat' dir='ltr'>in</span> <span class='ocrx_word' id='word_1_164' title='bbox 350 2727 504 2806; x_wconf 91' lang='lat' dir='ltr'>potentia</span> <span class='ocrx_word' id='word_1_165' title='bbox 528 2725 739 2787; x_wconf 87' lang='lat' dir='ltr'>intellectiva</span> <span class='ocrx_word' id='word_1_166' title='bbox 762 2744 831 2805; x_wconf 88' lang='lat' dir='ltr'>qua</span> <span class='ocrx_word' id='word_1_167' title='bbox 853 2726 961 2786; x_wconf 91' lang='lat' dir='ltr'>oritur</span> <span class='ocrx_word' id='word_1_168' title='bbox 977 2725 1149 2785; x_wconf 86' lang='lat' dir='ltr'>voluntas.</span> 
     </span>
     <span class='ocr_line' id='line_1_24' title="bbox 189 2830 1150 2914; baseline -0.002 -21"><span class='ocrx_word' id='word_1_169' title='bbox 189 2870 231 2877; x_wconf 91' lang='lat'>—</span> <span class='ocrx_word' id='word_1_170' title='bbox 257 2834 425 2901; x_wconf 81' lang='lat' dir='ltr'>Proeterea,</span> <span class='ocrx_word' id='word_1_171' title='bbox 455 2843 492 2894; x_wconf 89' lang='lat' dir='ltr'>ut</span> <span class='ocrx_word' id='word_1_172' title='bbox 524 2832 733 2914; x_wconf 88' lang='lat' dir='ltr'>arguebatur</span> <span class='ocrx_word' id='word_1_173' title='bbox 764 2834 932 2911; x_wconf 83' lang='lat' dir='ltr'>superius,</span> <span class='ocrx_word' id='word_1_174' title='bbox 964 2833 998 2892; x_wconf 93' lang='lat' dir='ltr'>in</span> <span class='ocrx_word' id='word_1_175' title='bbox 1030 2830 1150 2891; x_wconf 90' lang='lat' dir='ltr'>eodem</span> 
     </span>
     <span class='ocr_line' id='line_1_25' title="bbox 188 2936 1153 3020; baseline -0.004 -19"><span class='ocrx_word' id='word_1_176' title='bbox 188 2940 343 3020; x_wconf 88' lang='lat' dir='ltr'>subjecto</span> <span class='ocrx_word' id='word_1_177' title='bbox 366 2951 419 3000; x_wconf 93' lang='lat' dir='ltr'>est</span> <span class='ocrx_word' id='word_1_178' title='bbox 442 2939 623 3019; x_wconf 91' lang='lat' dir='ltr'>dispositio</span> <span class='ocrx_word' id='word_1_179' title='bbox 647 2947 682 2999; x_wconf 90' lang='lat' dir='ltr'>et</span> <span class='ocrx_word' id='word_1_180' title='bbox 704 2936 813 2999; x_wconf 86' lang='lat' dir='ltr'>forma</span> <span class='ocrx_word' id='word_1_181' title='bbox 844 2938 1012 3018; x_wconf 90' lang='lat' dir='ltr'>adquam</span> <span class='ocrx_word' id='word_1_182' title='bbox 1039 2936 1153 3018; x_wconf 90' lang='lat' dir='ltr'>dispo·</span> 
     </span>
     <span class='ocr_line' id='line_1_26' title="bbox 189 3042 1152 3125; baseline -0.002 -18"><span class='ocrx_word' id='word_1_183' title='bbox 189 3047 254 3116; x_wconf 91' lang='lat' dir='ltr'>nit;</span> <span class='ocrx_word' id='word_1_184' title='bbox 281 3046 341 3107; x_wconf 92' lang='lat' dir='ltr'>sed</span> <span class='ocrx_word' id='word_1_185' title='bbox 365 3046 540 3107; x_wconf 89' lang='lat' dir='ltr'>character</span> <span class='ocrx_word' id='word_1_186' title='bbox 563 3046 716 3125; x_wconf 91' lang='lat' dir='ltr'>disponit</span> <span class='ocrx_word' id='word_1_187' title='bbox 740 3045 783 3105; x_wconf 90' lang='lat' dir='ltr'>ad</span> <span class='ocrx_word' id='word_1_188' title='bbox 806 3043 918 3114; x_wconf 90' lang='lat' dir='ltr'>fidem,</span> <span class='ocrx_word' id='word_1_189' title='bbox 947 3055 980 3106; x_wconf 92' lang='lat' dir='ltr'>et</span> <span class='ocrx_word' id='word_1_190' title='bbox 997 3042 1082 3105; x_wconf 87' lang='lat' dir='ltr'>fides</span> <span class='ocrx_word' id='word_1_191' title='bbox 1098 3052 1152 3105; x_wconf 91' lang='lat' dir='ltr'>est</span> 
     </span>
     <span class='ocr_line' id='line_1_27' title="bbox 188 3152 793 3234; baseline -0.002 -21"><span class='ocrx_word' id='word_1_192' title='bbox 188 3152 225 3213; x_wconf 93' lang='lat' dir='ltr'>in</span> <span class='ocrx_word' id='word_1_193' title='bbox 249 3154 403 3231; x_wconf 89' lang='lat' dir='ltr'>potentia</span> <span class='ocrx_word' id='word_1_194' title='bbox 427 3152 650 3223; x_wconf 89' lang='lat' dir='ltr'>intellectiva;</span> <span class='ocrx_word' id='word_1_195' title='bbox 677 3153 793 3234; x_wconf 90' lang='lat' dir='ltr'>igitur.</span> 
     </span>
    </p>

    <p class='ocr_par' dir='ltr' id='par_1_5' title="bbox 188 3256 1152 3659">
     <span class='ocr_line' id='line_1_28' title="bbox 283 3256 1152 3338; baseline -0.001 -19"><span class='ocrx_word' id='word_1_196' title='bbox 283 3260 407 3319; x_wconf 79' lang='lat' dir='ltr'>Contra.</span> <span class='ocrx_word' id='word_1_197' title='bbox 434 3258 626 3338; x_wconf 91' lang='lat' dir='ltr'>Dispositio</span> <span class='ocrx_word' id='word_1_198' title='bbox 650 3258 694 3318; x_wconf 93' lang='lat' dir='ltr'>ad</span> <span class='ocrx_word' id='word_1_199' title='bbox 717 3256 860 3319; x_wconf 81' lang='lat' dir='ltr'>formam</span> <span class='ocrx_word' id='word_1_200' title='bbox 893 3274 1066 3337; x_wconf 88' lang='lat' dir='ltr'>nunquam</span> <span class='ocrx_word' id='word_1_201' title='bbox 1098 3266 1152 3318; x_wconf 93' lang='lat' dir='ltr'>est</span> 
     </span>
     <span class='ocr_line' id='line_1_29' title="bbox 188 3362 1152 3445; baseline -0.002 -19"><span class='ocrx_word' id='word_1_202' title='bbox 188 3367 224 3426; x_wconf 93' lang='lat' dir='ltr'>in</span> <span class='ocrx_word' id='word_1_203' title='bbox 249 3367 430 3445; x_wconf 87' lang='lat' dir='ltr'>posteriori</span> <span class='ocrx_word' id='word_1_204' title='bbox 456 3366 654 3445; x_wconf 84' lang='lat' dir='ltr'>susceptivo</span> <span class='ocrx_word' id='word_1_205' title='bbox 670 3362 804 3436; x_wconf 82' lang='lat' dir='ltr'>lormae;</span> <span class='ocrx_word' id='word_1_206' title='bbox 823 3364 883 3425; x_wconf 93' lang='lat' dir='ltr'>sed</span> <span class='ocrx_word' id='word_1_207' title='bbox 899 3364 1074 3425; x_wconf 89' lang='lat' dir='ltr'>character</span> <span class='ocrx_word' id='word_1_208' title='bbox 1090 3382 1152 3444; x_wconf 91' lang='lat' dir='ltr'>per</span> 
     </span>
     <span class='ocr_line' id='line_1_30' title="bbox 188 3469 1152 3552; baseline 0 -21"><span class='ocrx_word' id='word_1_209' title='bbox 188 3481 223 3531; x_wconf 84' lang='lat' dir='ltr'>to</span> <span class='ocrx_word' id='word_1_210' title='bbox 248 3482 300 3533; x_wconf 87' lang='lat' dir='ltr'>cst</span> <span class='ocrx_word' id='word_1_211' title='bbox 324 3472 506 3552; x_wconf 91' lang='lat' dir='ltr'>dispositio</span> <span class='ocrx_word' id='word_1_212' title='bbox 531 3473 574 3531; x_wconf 90' lang='lat' dir='ltr'>ad</span> <span class='ocrx_word' id='word_1_213' title='bbox 598 3469 741 3532; x_wconf 84' lang='lat' dir='ltr'>formam</span> <span class='ocrx_word' id='word_1_214' title='bbox 766 3473 840 3532; x_wconf 91' lang='lat' dir='ltr'>sive</span> <span class='ocrx_word' id='word_1_215' title='bbox 865 3471 907 3531; x_wconf 89' lang='lat' dir='ltr'>ad</span> <span class='ocrx_word' id='word_1_216' title='bbox 931 3471 1088 3551; x_wconf 92' lang='lat' dir='ltr'>gratiam,</span> <span class='ocrx_word' id='word_1_217' title='bbox 1117 3478 1152 3531; x_wconf 93' lang='lat' dir='ltr'>et</span> 
     </span>
     <span class='ocr_line' id='line_1_31' title="bbox 189 3578 1151 3659; baseline 0 -20"><span class='ocrx_word' id='word_1_218' title='bbox 189 3580 312 3659; x_wconf 90' lang='lat' dir='ltr'>gratia,</span> <span class='ocrx_word' id='word_1_219' title='bbox 337 3589 375 3639; x_wconf 84' lang='lat' dir='ltr'>ut</span> <span class='ocrx_word' id='word_1_220' title='bbox 398 3578 567 3647; x_wconf 89' lang='lat' dir='ltr'>concedis,</span> <span class='ocrx_word' id='word_1_221' title='bbox 593 3588 645 3639; x_wconf 87' lang='lat' dir='ltr'>est</span> <span class='ocrx_word' id='word_1_222' title='bbox 669 3579 704 3638; x_wconf 92' lang='lat' dir='ltr'>in</span> <span class='ocrx_word' id='word_1_223' title='bbox 721 3579 870 3640; x_wconf 88' lang='lat' dir='ltr'>essentia</span> <span class='ocrx_word' id='word_1_224' title='bbox 886 3578 1021 3647; x_wconf 82' lang='lat' dir='ltr'>animae;</span> <span class='ocrx_word' id='word_1_225' title='bbox 1040 3578 1151 3658; x_wconf 90' lang='lat' dir='ltr'>igitur</span> 
     </span>
    </p>
   </div>
   <div class='ocr_carea' id='block_1_5' title="bbox 0 0 1307 4200">
    <p class='ocr_par' dir='ltr' id='par_1_6' title="bbox 0 0 1307 4200">
     <span class='ocr_line' id='line_1_32' title="bbox 0 0 1307 4200; baseline 0 0"><span class='ocrx_word' id='word_1_226' title='bbox 0 0 1307 4200; x_wconf 95' lang='lat' dir='ltr'> </span> 
     </span>
    </p>
   </div>
  </div>
 </body>
</html>
