2600 4200
229 251 290 294 120
440 231 515 292 Lm.
542 229 593 292 IV
618 229 925 292 Snnrnnrmnmr

295 496 512 576 Quantum
535 495 592 560 ad
611 495 808 574 mitreum
832 495 914 556 dicit
942 513 1010 556 una
1043 496 1160 575 opinio
1231 479 1237 490 ’

197 603 292 684 quod
317 603 406 664 idem
430 621 555 683 corpus
579 621 639 682 per
664 601 792 663 nullam
824 602 1011 682 potentiam
1046 610 1160 681 potest

197 729 276 772 esse
301 711 335 770 in
359 709 516 789 pluribus
528 708 613 770 locis
630 708 743 777 simul,
760 708 852 788 quod
868 707 1032 788 probatur
1048 709 1159 788 primo

199 817 264 878 sic:
282 815 319 878 Si
345 817 434 878 idem
457 835 582 896 corpus
606 824 724 895 posset
747 833 822 876 esse
847 815 881 875 in
897 813 1054 894 pluribus
1074 795 1159 876 lecis

197 923 313 990 simul.
338 942 422 1004 ergo
446 932 563 1003 posset
587 939 663 983 esse
687 923 722 982 in
756 919 919 992 infinitis;
945 939 1158 1002 consequens

198 1038 252 1092 est
280 1027 425 1102 falsum;
450 1047 535 1110 ergo
561 1037 595 1090 et
630 1028 842 1090 antecedens.
879 1027 907 1090 F
909 1027 1027 1090 alsitas
1060 1048 1159 1088 conse·

197 1138 322 1214 quentis
345 1145 449 1216 patet,
473 1137 555 1217 quia
578 1154 653 1197 esse
677 1134 805 1215 ubique
820 1143 872 1198 est
888 1136 1064 1215 proprium
1080 1133 1157 1203 Dei,

196 1251 234 1304 et
268 1244 317 1304 sic
352 1261 420 1306 non
455 1243 616 1304 convenit
651 1241 752 1302 alicui
787 1251 959 1304 creaturae.
996 1241 1158 1303 Probatio

196 1351 445 1427 consequentioe:
468 1349 605 1430 quando
629 1348 759 1429 aliquid
788 1345 1019 1410 indifferenter
1041 1367 1079 1410 se
1101 1347 1158 1409 ha-

195 1456 256 1516 bet
279 1457 322 1517 ad
346 1457 454 1537 plura,
479 1475 548 1536 qua
571 1457 702 1516 ratione
724 1464 838 1535 potest
861 1473 936 1517 esse
960 1456 995 1516 in
1011 1454 1155 1522 duobus.

194 1561 316 1622 eadem
340 1563 471 1626 ratione
495 1571 610 1643 potest
625 1581 702 1623 esse
714 1563 748 1623 in
765 1561 937 1633 omnibus;
956 1561 1016 1623 sed
1032 1580 1156 1642 corpus

197 1665 430 1730 indifferenter
453 1669 592 1749 respicit
623 1668 719 1730 illum
753 1667 810 1729 vel
844 1667 940 1729 iilum
975 1667 1087 1728 locum
1122 1677 1155 1728 et

196 1776 313 1835 omnia
336 1775 431 1848 loca;
457 1794 541 1857 ergo
565 1777 592 1836 si
618 1785 732 1855 potest
756 1793 831 1836 esse
849 1776 882 1834 in
899 1774 1055 1854 pluribus
1071 1775 1156 1836 locis

194 1883 346 1944 maxime
370 1901 430 1962 per
453 1882 640 1962 potentiam
676 1882 827 1943 divinam
863 1890 976 1961 potest
1009 1899 1086 1944 esse
1120 1883 1154 1943 in

193 1988 365 2050 omnibus.

286 2114 425 2175 Secundo
449 2117 519 2176 sic:
544 2114 634 2175 Illud
659 2133 726 2175 non
750 2124 803 2175 est
826 2111 976 2177 factibile
988 2114 1080 2195 quod
1096 2116 1154 2175 im-

191 2221 301 2301 plicat
324 2222 647 2291 contradictionem
673 2222 734 2281 sed
758 2221 847 2283 idem
871 2239 996 2301 corpus
1018 2239 1095 2283 esse
1118 2222 1152 2281 in

193 2326 352 2407 pluribus
367 2328 452 2389 locis
469 2327 621 2407 implicat
637 2327 953 2399 contradictionem
979 2329 1048 2389 imo
1070 2327 1153 2388 mul-

193 2441 248 2494 tas
272 2434 577 2505 contradictiones;
603 2452 697 2514 erg0.
723 2434 869 2495 Probatrb
902 2436 1043 2501 minoris,
1072 2435 1152 2514 quia

191 2541 332 2620 quando
355 2542 494 2620 ponitur
517 2542 552 2603 in
575 2559 645 2601 uno
669 2540 754 2607 loco,
780 2550 839 2601 aut
873 2540 975 2601 habet
1009 2539 1150 2602 eandem

192 2644 338 2707 formam
362 2665 464 2728 quam
488 2649 523 2708 in
548 2646 625 2717 alio,
650 2654 709 2707 aut
743 2665 820 2707 non.
846 2642 884 2707 Si
918 2647 979 2716 sic,
1014 2646 1048 2709 in
1083 2665 1151 2708 uno

193 2752 270 2814 loco
294 2764 441 2833 ponatur
465 2753 555 2834 gelu,
582 2754 615 2815 in
641 2752 708 2814 alio
734 2752 837 2822 calor,
872 2754 1026 2832 sequitur
1059 2754 1151 2833 quod

193 2861 228 2920 in
254 2878 322 2921 uno
346 2860 421 2921 loco
446 2860 583 2920 hebebit
607 2857 719 2941 frigus
742 2868 776 2920 et
800 2860 835 2921 in
860 2859 927 2920 alio
955 2858 1030 2921 loeo
1064 2861 1151 2921 cale

192 2985 274 3027 rem.
301 2964 466 3028 Similiter
490 2968 517 3027 si
543 2968 577 3027 in
602 2986 671 3027 uno
694 2966 770 3027 loco
801 2984 868 3027 non
893 2967 1046 3027 inveniat
1069 2966 1150 3046 quid

188 3072 348 3134 comedat
371 3084 406 3132 et
430 3074 464 3133 in
489 3072 664 3152 alioquid
695 3072 861 3142 comedat,
897 3082 977 3133 tunc
1012 3074 1046 3133 in
1082 3092 1150 3133 uno

191 3178 268 3239 loco
285 3180 411 3240 esuriet
428 3188 461 3241 et
478 3180 512 3239 in
530 3178 596 3239 alio
621 3198 690 3239 non
714 3181 860 3250 esuriet;
885 3188 919 3240 et
943 3180 977 3239 in
995 3198 1063 3241 uno
1075 3178 1150 3241 loco

191 3286 318 3365 poterit
342 3283 504 3346 infirmari
529 3294 563 3347 et
587 3287 621 3347 in
646 3286 713 3347 alio
737 3305 815 3356 non,
840 3297 874 3348 et
898 3287 946 3347 sic
963 3295 1150 3347 moreretur

187 3400 226 3451 *et
250 3410 318 3452 non
343 3401 540 3453 moreretur.
566 3390 603 3454 Si
628 3401 740 3453 autem
773 3402 928 3454 teneatur
962 3392 1147 3454 secundum

189 3498 381 3559 membrum
409 3499 526 3559 eadem
562 3510 748 3579 sequentur
782 3500 1068 3567 inconvenientia,
1093 3498 1148 3560 vel

186 3604 234 3665 ad
258 3606 371 3667 minus
396 3606 484 3667 idem
508 3626 633 3687 corpus
661 3606 799 3667 habebit
832 3606 1002 3667 contraria
1036 3606 1147 3667 simul.
