2600 4200
219 217 280 275 322
454 196 528 259 Lm.
554 198 606 259 IV
630 196 938 262 Ssursurmnuu

193 373 331 446 lentem,
371 385 484 437 tamen
523 395 568 438 ex
603 396 672 456 quo
706 377 832 439 desinit
870 397 948 439 esse
986 381 1160 458 pertinax.

193 481 416 544 inhumanum
441 483 578 544 videtur
600 483 665 544 sibi
683 481 839 565 infligere
855 485 987 564 aliquid
1003 486 1098 564 quod
1115 488 1161 546 sit

192 598 312 649 contra
335 587 447 669 legem
472 599 603 650 naturae
610 610 617 661 ;
643 590 793 651 servitus
817 599 930 651 autem
955 601 1009 652 est
1040 603 1160 652 contra

194 695 306 776 legem
331 705 478 767 naturae;
504 697 620 776 igitur.
917 704 922 709 '

281 907 345 970 Do
369 907 491 971 tertio
507 906 699 974 Artiowlo
715 909 834 976 dicunt
857 908 963 989 aliqui
980 910 1075 988 quod
1090 929 1158 970 ser·

192 1031 258 1074 vus
274 1022 387 1094 potest
399 1015 598 1076 contrahere
610 1016 865 1076 matrimonium
877 1017 988 1076 invito
1005 1015 1156 1077 domino.

176 1117 239 1188 ,Et
263 1120 355 1181 istud
377 1121 549 1200 probatur.
576 1121 687 1180 Primo
709 1124 773 1182 sic:
812 1122 1069 1182 matrimonium
1104 1130 1158 1182 est
1238 1175 1244 1186 .

192 1225 235 1286 de
259 1226 336 1307 lege
361 1236 505 1298 naturae3
541 1227 602 1288 sed
626 1230 775 1289 servitus
809 1246 877 1289 non
912 1238 965 1288 est
999 1228 1042 1290 de
1077 1228 1157 1309 lege

193 1341 334 1404 naturae,
360 1336 464 1395 immo
487 1343 540 1394 est
573 1344 692 1396 eontra
726 1334 839 1416 legem
875 1345 1022 1406 naturae;
1063 1335 1156 1414 quod

191 1449 305 1501 autem
329 1449 382 1502 est
405 1439 447 1501 de
470 1441 548 1521 lege
580 1451 713 1502 naturae
748 1461 814 1502 non
849 1439 982 1502 tollitur
1015 1450 1156 1522 propter

192 1546 321 1627 aliquid
345 1547 437 1626 quod
459 1555 512 1608 est
536 1555 668 1609 tantum
693 1546 734 1608 de
758 1547 836 1629 lege
860 1549 1025 1626 positiva;
1058 1567 1154 1629 ergo.

193 1689 234 1696 —-
260 1653 399 1714 Secundo
423 1653 486 1713 sic:
512 1671 633 1714 servus
657 1673 725 1715 non
750 1655 799 1715 sic
823 1664 876 1716 est
907 1654 1035 1715 domini
1071 1655 1155 1734 quin

192 1761 238 1821 sit
261 1761 313 1820 sui
335 1760 422 1839 juris
445 1769 610 1840 quantum
635 1760 679 1821 ad
712 1769 809 1821 actus
843 1761 1017 1822 naturales
1051 1762 1155 1840 perti·

139 1877 141 1882 ’
193 1875 311 1927 nentes
335 1866 379 1927 ad
402 1868 695 1928 conservationem
721 1865 905 1939 individui;
930 1868 1039 1949 igitur
1065 1887 1086 1927 a
1112 1870 1157 1927 si-

192 1972 274 2040 mili.
300 1983 464 2052 quantum
488 1974 531 2034 ad
555 1981 652 2034 actus
675 1973 887 2052 pertinentes
910 1974 954 2033 ad
977 1993 1157 2035 conserva-

192 2079 318 2141 tionem
344 2080 479 2160 speciei.
505 2081 696 2140 Antecedens
720 2088 825 2160 patet,
850 2081 932 2161 quia
957 2088 1072 2161 potest
1102 2082 1154 2141 uti

191 2188 393 2247 necessariis
416 2186 459 2247 ad
483 2186 598 2247 vitam.
629 2186 854 2264 Consequentia
877 2187 1052 2266 probatur,
1073 2189 1157 2268 quia

191 2294 405 2354 conservatio
429 2294 555 2371 speciei
580 2311 658 2353 cum
683 2294 728 2354 sit
752 2293 863 2373 majus
898 2294 1024 2355 bonum
1061 2304 1157 2354 natu·

192 2398 261 2460 rale
285 2400 396 2481 magis
420 2407 473 2459 est
496 2399 538 2459 de
562 2398 639 2479 lege
664 2408 805 2460 naturae.

281 2503 456 2585 Quidquid
479 2515 592 2567 autem
617 2506 662 2566 sit
686 2506 727 2567 de
751 2503 901 2590 efficacia
932 2507 1075 2566 istarum
1106 2524 1157 2566 ra·

191 2614 333 2681 tionum,
347 2613 471 2673 dicitur
482 2613 525 2673 ad
538 2610 774 2691 Quaestioncm
792 2614 852 2682 sic,
866 2612 958 2692 quod
973 2630 1095 2673 servus
1111 2611 1155 2672 de

191 2719 367 2780 voluntate
391 2720 520 2781 domini
545 2728 660 2799 potest
676 2719 876 2780 contrahere
888 2719 1154 2786 matrimonium,

192 2826 277 2887 etsi
303 2844 390 2887 onus
414 2827 619 2887 matrimonii
645 2828 692 2887 sit
714 2827 757 2887 ad
791 2825 922 2907 aliquid
956 2844 1155 2907 repugnans

192 2934 342 2994 servitiis
366 2935 548 3003 consuetis,
574 2932 733 2993 dominus
758 2933 948 2994 concedens
979 2934 1045 2993 sibi
1077 2950 1155 2993 con·

192 3039 324 3101 trahere
348 3038 479 3100 relaxat
503 3040 568 3100 sibi
604 3040 770 3118 implicite
804 3040 871 3099 ista
905 3040 1047 3100 servitia
1076 3057 1154 3099 con·

192 3156 297 3207 sueta.
339 3146 457 3207 Potest
495 3148 597 3206 etiarn
633 3146 832 3207 contrahere
866 3146 1005 3208 domino
1044 3146 1153 3206 invito

192 3378 259 3419 non
284 3361 374 3419 enirn
392 3360 542 3438 privavit
560 3379 596 3419 se
608 3377 811 3439 quacunque
823 3358 980 3419 libertate
995 3359 1039 3419 ad
1055 3376 1153 3439 quos-

191 3483 326 3544 cunque
350 3472 460 3537 actus;
485 3484 547 3545 pro
571 3474 699 3545 quanto
723 3484 807 3547 ergo
831 3484 956 3546 corpus
972 3473 1025 3527 est
1040 3481 1149 3531 suum,

191 3580 305 3649 potest
329 3582 538 3632 commutare
561 3591 638 3632 cum
671 3572 748 3640 alio,
781 3574 862 3651 quia
896 3573 925 3633 si
960 3571 1048 3632 alius
1078 3570 1151 3631 sive
