2600 4200
326 205 507 269 Drsrrncr.
534 207 582 270 IV
607 206 753 288 Quasr.
779 209 794 270 1
1002 227 1042 288 41

180 426 219 488 ΙΝ
240 439 318 490 ISTA
341 442 560 504 QUAESTIONE
585 439 662 492 sunt
684 430 751 492 duo
775 431 917 493 videnda
954 433 1069 496 Primo

126 531 281 614 principale
303 537 489 616 quaesitum.
515 535 663 599 Secundo
700 537 726 598 si
750 537 856 620 Virgo
880 535 984 602 lilaria
1020 551 1070 604 est

129 635 178 698 Dei
199 639 341 702 Genitrix
365 643 569 724 appellanda.

187 854 302 921 Circa
318 856 525 939 primum
550 865 625 918 sunt
649 867 713 918 tres
736 855 914 939 opiniones.

187 955 261 1028 Una
278 971 327 1024 cst
350 963 417 1024 divi
432 961 572 1025 Thomae
591 974 680 1044 part.
694 981 727 1042 5.
744 985 774 1044 q.
788 981 843 1041 ja.
860 975 924 1026 art.
939 983 963 1048 4
977 965 1068 1047 quod

127 1061 213 1147 Virgo
234 1068 336 1131 Maria
360 1079 489 1132 tantum
507 1070 676 1132 materiam
693 1069 886 1134 ministravit
897 1080 930 1133 et
953 1090 1019 1133 non
1035 1093 1070 1135 se

129 1168 222 1235 habuit
241 1177 345 1238 active
369 1176 401 1238 in
425 1177 638 1258 conceptione
663 1175 734 1238 Filii
758 1176 816 1238 sui.
842 1177 886 1238 Et
909 1178 1068 1258 probatur

129 1276 172 1338 sic:
184 1280 277 1363 Virgo
290 1283 395 1344 Maria
408 1282 521 1344 habuit
534 1292 663 1345 tantum
676 1279 763 1344 illam
777 1283 957 1366 potentiam
971 1283 1003 1345 in
1016 1285 1069 1346 illa

126 1389 316 1467 conceptione
339 1410 405 1470 qua
428 1409 498 1451 esse
521 1390 628 1471 potuit
645 1399 758 1462 mater,
772 1399 804 1451 et
828 1409 894 1452 non
919 1411 984 1471 qua
1000 1411 1069 1452 esse

130 1493 216 1568 potuit
229 1506 326 1576 pater;
344 1497 401 1558 sed
418 1495 501 1577 patri
513 1497 673 1576 competit
685 1495 829 1577 potentia
841 1497 957 1568 activa,
973 1497 1068 1559 matri

127 1608 220 1662 autem
243 1603 387 1682 potentia
410 1603 538 1684 passiva
554 1611 694 1678 tantum;
710 1623 799 1683 ergo,
816 1603 981 1664 Minorem
1002 1623 1068 1666 non

133 1707 318 1791 probat'ipse
340 1710 397 1772 sed
414 1709 572 1790 probatur
588 1711 630 1772 ab
645 1710 714 1772 aliis
733 1710 787 1771 sic:
805 1710 999 1772 Aristoteles
1015 1729 1067 1792 15.

129 1809 160 1870 de
178 1815 369 1878 animalibus
392 1817 470 1878 dicit
493 1817 584 1897 quod
615 1816 716 1878 virtus
748 1816 847 1896 patris
874 1816 1068 1878 assimilatur

126 1918 184 1992 ani,
206 1923 310 1984 matris
333 1944 411 1985 vero
435 1923 534 2004 ligno;
559 1923 667 2004 igitur.
680 1923 762 1984 Item
787 1922 959 1985 Avicenna
987 1944 1069 1986 nono

128 2023 162 2084 de
179 2027 370 2092 animalibus
393 2029 601 2112 reprehendit
617 2029 780 2092 Galenum
795 2029 852 2112 qui
868 2029 1012 2112 ponebat
1035 2029 1068 2092 in

132 2146 273 2212 spermate
295 2136 452 2200 foemineo
468 2138 534 2199 vim
547 2136 698 2209 activam,
715 2145 747 2198 et
759 2136 837 2199 dicit
853 2136 943 2217 quod
960 2137 991 2198 in
1005 2137 1068 2199 hoe

131 2236 270 2318 ignoravit
293 2243 438 2307 Galenus
460 2244 602 2306 radicem
626 2243 768 2305 scientiae
792 2243 955 2305 naturalia.
985 2244 1067 2306 ltem

128 2344 191 2406 dicit
212 2350 363 2413 Averrois
387 2352 423 2413 in
446 2372 502 2413 sno
525 2350 705 2433 quodlibeto
724 2359 756 2411 et
772 2348 848 2411 facit
860 2350 957 2411 talem
972 2351 1068 2412 ratio·

128 2470 199 2515 nem:
222 2456 253 2519 Si
276 2457 307 2519 in
331 2466 494 2540 spermate
517 2454 674 2519 foemineo
697 2465 781 2518 esset
815 2456 863 2517 vis
885 2456 991 2518 activa
1025 2456 1067 2517 ad

126 2554 333 2625 formationem
350 2563 450 2625 loetus
465 2571 544 2625 tunc
561 2562 675 2625 mulier
692 2572 800 2645 potest
815 2564 985 2643 concipere
1000 2563 1068 2624 sine

128 2664 184 2727 viro
203 2671 288 2751 quod
311 2680 360 2733 est
383 2669 510 2732 salsum.
540 2668 772 2750 Consequentia
796 2669 962 2749 probatur.
995 2669 1070 2750 Ag-

125 2789 173 2833 ens
192 2776 290 2838 debile
313 2786 421 2857 potest
443 2777 597 2839 inducere
616 2796 709 2837 suam
726 2774 865 2837 sormam
883 2776 913 2835 in
934 2776 1068 2838 materia

125 2876 193 2942 bene
206 2882 375 2964 disposita;
392 2885 448 2947 sed
466 2884 598 2965 sanguis
612 2892 795 2944 menstruus
812 2892 845 2943 et
862 2883 975 2943 mulier
992 2893 1068 2944 sunt

126 2982 193 3048 bene
213 2990 386 3071 disposita;
409 3010 489 3073 crgo
512 2998 804 3071 quantumcunque
828 2988 880 3049 illa
903 2989 950 3049 vis
985 2998 1067 3050 esset

125 3090 230 3168 debilis,
255 3098 367 3160 mulier
392 3106 501 3178 posset
523 3096 703 3177 concipere.

179 3196 345 3270 Secunda
369 3202 499 3288 Opinio
533 3202 695 3284 estquod
723 3202 828 3283 Virgo
862 3222 928 3263 non
959 3202 1066 3262 solum

128 3308 273 3371 materiam
298 3310 500 3381 ministravit,
514 3309 570 3371 sed
593 3318 624 3370 et
637 3308 742 3369 active
765 3327 798 3368 se
812 3307 925 3368 habuit
948 3306 980 3367 in
993 3327 1068 3368 con·

125 3412 254 3490 ceptione
270 3417 340 3477 Filii
357 3416 415 3489 sui,
429 3417 506 3497 quia
519 3415 623 3496 Virgo
647 3413 762 3476 habuit
775 3414 862 3474 illam
886 3412 1066 3494 potentiam

126 3536 173 3594 per
191 3542 284 3603 quam
309 3523 424 3585 mulier
440 3530 488 3584 est
502 3530 621 3595 mater;
639 3522 697 3583 sed
714 3529 816 3581 mater
830 3518 927 3581 habet
952 3529 1068 3599 poten-

124 3622 190 3689 tiam
204 3632 339 3693 activam
364 3637 513 3711 rcspectu
528 3628 643 3710 prolis;
667 3647 757 3709 erg0.
770 3627 888 3689 Minor
910 3625 1068 3708 probatur
