2600 4200
237 221 301 280 370
463 203 538 264 Lru.
564 202 617 264 IV
640 201 949 266 seurrurnuuir

213 383 270 463 gis
293 400 367 442 eam
391 380 565 462 specificat
588 402 621 458 5.
646 383 748 443 Ethic.
785 383 902 444 dicens
926 383 1023 463 quod
1044 384 1188 464 justitia

210 497 265 552 est
287 491 389 548 virtus
410 488 455 548 ad
474 490 617 558 alierum,
646 491 729 569 quia
752 491 819 551 ista
845 490 957 550 virtus
977 510 1068 570 ·qua
1104 492 1185 570 quis

211 604 326 674 potest
349 596 399 656 uti
423 615 490 656 non
514 596 625 657 solum
649 595 693 656 ad
717 615 755 657 se
778 596 838 657 sed
873 596 916 656 ad
939 595 1103 674 alterurn.
1130 607 1184 657 est

211 703 322 763 virtus
345 701 389 762 ad
419 702 585 774 alterum;
620 703 682 764 sed
712 702 846 782 justitia
879 710 932 764 est
966 703 1179 782 hujusmodi.

211 817 350 889 propter
372 808 464 889 quod
486 809 699 891 principatus
733 827 844 870 rerum
880 809 1052 880 ostendit;
1089 829 1178 891 ergo

207 914 343 995 justitia
364 925 417 977 est
440 916 552 977 virtus
575 915 619 976 ad
642 914 797 978 alterum.

300 1125 357 1187 Ex
386 1126 452 1187 hoc
475 1137 569 1207 patet
595 1127 802 1191 secundus
824 1126 1058 1203 Articuleio,
1082 1128 1174 1189 scili-

210 1242 264 1293 cet
287 1240 372 1312 quot
393 1233 505 1294 modis
539 1235 686 1295 sumitur
705 1234 848 1313 justitia.
884 1233 941 1295 Ex
974 1252 1043 1315 quo
1079 1235 1173 1295 enim

206 1339 341 1422 justitia
374 1350 427 1401 est
450 1341 561 1402 virtus
588 1341 632 1401 ad
666 1339 821 1411 alterum,
845 1340 910 1402 hoc
944 1348 1058 1422 potest
1093 1359 1172 1401 esse

210 1447 401 1526 dupliciter,
426 1448 507 1526 quia
530 1447 586 1508 vel
609 1457 662 1508 est
685 1425 908 1507 universaliter
937 1448 981 1508 ad
1011 1447 1170 1515 alterurn.

210 1563 245 1615 et
267 1555 317 1615 sic
340 1554 464 1614 dicitur
483 1554 617 1633 justitia
639 1555 765 1632 legalis:
788 1554 844 1615 vel
860 1555 1105 1632 particulariter
1126 1554 1172 1615 ad

210 1660 364 1730 alterum,
382 1662 481 1722 etsie
498 1661 622 1721 dicitur
633 1661 769 1740 justitia
780 1661 997 1738 pariicularis.
1016 1659 1077 1742 [Et
1093 1660 1172 1722 haec

209 1766 441 1844 subdividitur
464 1767 545 1847 quia
572 1767 628 1828 vel
664 1777 778 1847 potest
811 1787 887 1829 esse
919 1769 1108 1852 simpliciter
1130 1769 1177 1826 ad

209 1875 353 1940 alterum,
381 1874 436 1934 vel
460 1875 504 1933 ad
530 1894 562 1933 se
595 1875 690 1952 quusi
721 1874 765 1934 ad
795 1872 954 1954 ailemtm}
980 1873 1066 1934 Item
1104 1874 1174 1934 alio

209 1980 311 2040 modo
335 1981 561 2062 distinguitur
587 1981 722 2060 justitia
753 1983 787 2039 in
810 1981 913 2040 eodem
932 1998 966 2057 5.
991 1981 1105 2047 Eibic„
1135 1981 1171 2041 in

205 2085 373 2166 justitiam
408 2089 659 2148 commuiaiivam
694 2097 729 2149 et
762 2087 1003 2148 distributivam.
1026 2085 1172 2166 Justitia

208 2203 323 2255 autem
347 2196 592 2256 commutativa
614 2204 667 2256 est
691 2194 787 2274 cujus
820 2194 970 2255 medium
1001 2194 1174 2273 accipitur

209 2300 396 2380 seeundum
420 2302 674 2380 proportionem
702 2301 951 2361 arithmeticam
986 2318 1054 2360 non
1091 2319 1174 2381 geo-

209 2407 393 2468 metricam.
416 2406 556 2485 Justitia
585 2416 699 2468 autem
731 2406 950 2467 distributiva
983 2415 1036 2467 est
1070 2406 1173 2486 cujus

208 2513 357 2573 medium
381 2513 547 2592 accipitur
570 2512 755 2573 secundum
779 2512 1034 2591 proportionem
1052 2531 1171 2591 perso-

209 2638 328 2679 narum
363 2628 398 2679 et
431 2638 553 2687 rerum.
589 2628 624 2679 et
658 2621 692 2679 in
725 2618 828 2678 eodem
853 2618 950 2679 Libro
977 2617 1172 2679 declaratur

208 2731 273 2801 cap.
295 2743 328 2801 5.
352 2732 383 2785 ei
404 2731 433 2786 6.

298 2936 361 2999 De
385 2937 507 2999 tertio
530 2935 723 3000 Articuli)
746 2938 822 2998 dico
839 2938 905 2999 ista
920 2956 981 3017 per
996 2938 1165 2997 ordinem:

209 3042 320 3103 Primo
343 3044 435 3123 quod
459 3044 493 3105 in
518 3044 592 3104 Deo
619 3051 673 3104 est
702 3044 846 3123 justitia,
882 3052 921 3105 ut
947 3044 1081 3123 justitia
1115 3052 1169 3103 est

208 3151 376 3211 rectitudo
399 3152 533 3219 mentis,
558 3152 639 3229 quia
673 3151 747 3231 ejus
774 3151 934 3212 voluntas
969 3159 1022 3211 est
1055 3150 1167 3229 prima

208 3257 330 3338 regula
363 3256 628 3336 inobliquabilis.
655 3294 696 3302 -
721 3257 861 3318 Secundo
895 3256 987 3337 quod
1022 3258 1055 3316 in
1092 3254 1168 3316 Deo

208 3373 262 3424 est
281 3364 423 3443 justitia,
448 3373 486 3424 ut
506 3363 640 3443 justitia
656 3372 708 3424 est
725 3364 834 3448 virtus
851 3363 893 3423 ad
914 3362 1067 3430 alterum,
1085 3362 1167 3441 quia

208 3480 262 3531 est
284 3490 392 3551 agens
415 3470 506 3549 quod
531 3471 566 3531 in
589 3471 682 3531 omni
706 3472 840 3531 actione
864 3489 927 3531 sua
960 3479 1075 3531 servat
1098 3486 1167 3529 rec·

209 3577 398 3649 titudinem.
424 3613 466 3621 -
497 3578 610 3644 Tertio,
644 3577 736 3657 quod
771 3578 805 3637 in
840 3576 915 3637 Deo
949 3585 1002 3638 est
1031 3574 1167 3654 justitia
