<?xml version="1.0" encoding="UTF-8"?>
<!DOCTYPE html PUBLIC "-//W3C//DTD XHTML 1.0 Transitional//EN"
    "http://www.w3.org/TR/xhtml1/DTD/xhtml1-transitional.dtd">
<html xmlns="http://www.w3.org/1999/xhtml" xml:lang="en" lang="en">
 <head>
  <title>
</title>
<meta http-equiv="Content-Type" content="text/html;charset=utf-8" />
  <meta name='ocr-system' content='tesseract 3.04.00' />
  <meta name='ocr-capabilities' content='ocr_page ocr_carea ocr_par ocr_line ocrx_word'/>
</head>
<body>
  <div class='ocr_page' id='page_1' title='image "./commentariainli02scotgoog_0621.png"; bbox 0 0 2600 4200; ppageno 0'>
   <div class='ocr_carea' id='block_1_1' title="bbox 334 231 1066 312">
    <p class='ocr_par' dir='ltr' id='par_1_1' title="bbox 334 231 1066 312">
     <span class='ocr_line' id='line_1_1' title="bbox 334 231 1066 312; baseline 0.003 -16"><span class='ocrx_word' id='word_1_1' title='bbox 334 234 525 296; x_wconf 76' lang='lat' dir='ltr'>Disrmer.</span> <span class='ocrx_word' id='word_1_2' title='bbox 551 231 673 295; x_wconf 86' lang='lat' dir='ltr'>XLIII</span> <span class='ocrx_word' id='word_1_3' title='bbox 691 233 842 312; x_wconf 61' lang='lat' dir='ltr'>Quasi.</span> <span class='ocrx_word' id='word_1_4' title='bbox 873 233 888 294; x_wconf 94' lang='lat' dir='ltr'>I</span> <span class='ocrx_word' id='word_1_5' title='bbox 1004 254 1066 311; x_wconf 79' lang='lat'>343</span> 
     </span>
    </p>
   </div>
   <div class='ocr_carea' id='block_1_2' title="bbox 58 412 1163 3683">
    <p class='ocr_par' dir='ltr' id='par_1_2' title="bbox 130 412 1098 918">
     <span class='ocr_line' id='line_1_2' title="bbox 221 412 1091 492; baseline -0.003 -17"><span class='ocrx_word' id='word_1_6' title='bbox 221 414 393 475; x_wconf 75' lang='lat' dir='ltr'>Praeterea</span> <span class='ocrx_word' id='word_1_7' title='bbox 417 423 616 492; x_wconf 85' lang='lat' dir='ltr'>sequeretur</span> <span class='ocrx_word' id='word_1_8' title='bbox 650 413 743 492; x_wconf 91' lang='lat' dir='ltr'>quod</span> <span class='ocrx_word' id='word_1_9' title='bbox 778 413 813 473; x_wconf 91' lang='lat' dir='ltr'>in</span> <span class='ocrx_word' id='word_1_10' title='bbox 849 412 986 473; x_wconf 92' lang='lat' dir='ltr'>homine</span> <span class='ocrx_word' id='word_1_11' title='bbox 1022 430 1091 473; x_wconf 91' lang='lat' dir='ltr'>non</span> 
     </span>
     <span class='ocr_line' id='line_1_3' title="bbox 131 518 1092 582; baseline -0.002 -1"><span class='ocrx_word' id='word_1_12' title='bbox 131 531 221 582; x_wconf 85' lang='lat' dir='ltr'>esset</span> <span class='ocrx_word' id='word_1_13' title='bbox 246 521 334 582; x_wconf 91' lang='lat' dir='ltr'>idem</span> <span class='ocrx_word' id='word_1_14' title='bbox 359 518 553 581; x_wconf 89' lang='lat' dir='ltr'>intellectus</span> <span class='ocrx_word' id='word_1_15' title='bbox 576 539 638 580; x_wconf 92' lang='lat' dir='ltr'>nec</span> <span class='ocrx_word' id='word_1_16' title='bbox 673 521 792 580; x_wconf 88' lang='lat' dir='ltr'>eadem</span> <span class='ocrx_word' id='word_1_17' title='bbox 817 519 978 580; x_wconf 85' lang='lat' dir='ltr'>voluntas</span> <span class='ocrx_word' id='word_1_18' title='bbox 1002 521 1092 580; x_wconf 90' lang='lat' dir='ltr'>sicut</span> 
     </span>
     <span class='ocr_line' id='line_1_4' title="bbox 130 625 1098 707; baseline -0.005 -19"><span class='ocrx_word' id='word_1_19' title='bbox 130 629 226 707; x_wconf 89' lang='lat' dir='ltr'>prius</span> <span class='ocrx_word' id='word_1_20' title='bbox 264 635 370 688; x_wconf 89' lang='lat' dir='ltr'>erant.</span> <span class='ocrx_word' id='word_1_21' title='bbox 397 627 544 686; x_wconf 82' lang='lat' dir='ltr'>Probatio</span> <span class='ocrx_word' id='word_1_22' title='bbox 577 625 682 703; x_wconf 65' lang='lat' dir='ltr'>husius,</span> <span class='ocrx_word' id='word_1_23' title='bbox 712 627 793 706; x_wconf 88' lang='lat' dir='ltr'>quia</span> <span class='ocrx_word' id='word_1_24' title='bbox 827 626 1022 687; x_wconf 88' lang='lat' dir='ltr'>intellectus</span> <span class='ocrx_word' id='word_1_25' title='bbox 1056 635 1098 686; x_wconf 91' lang='lat' dir='ltr'>et.</span> 
     </span>
     <span class='ocr_line' id='line_1_5' title="bbox 131 732 1094 801; baseline 0 -9"><span class='ocrx_word' id='word_1_26' title='bbox 131 734 292 795; x_wconf 87' lang='lat' dir='ltr'>voluntas</span> <span class='ocrx_word' id='word_1_27' title='bbox 316 732 503 794; x_wconf 87' lang='lat' dir='ltr'>secundum</span> <span class='ocrx_word' id='word_1_28' title='bbox 532 735 636 793; x_wconf 91' lang='lat' dir='ltr'>istum</span> <span class='ocrx_word' id='word_1_29' title='bbox 672 732 868 801; x_wconf 80' lang='lat' dir='ltr'>Doctorem</span> <span class='ocrx_word' id='word_1_30' title='bbox 893 743 973 794; x_wconf 91' lang='lat' dir='ltr'>sunt</span> <span class='ocrx_word' id='word_1_31' title='bbox 1008 734 1094 793; x_wconf 84' lang='lat' dir='ltr'>acci·</span> 
     </span>
     <span class='ocr_line' id='line_1_6' title="bbox 131 838 1089 918; baseline -0.003 -16"><span class='ocrx_word' id='word_1_32' title='bbox 131 842 247 902; x_wconf 87' lang='lat' dir='ltr'>dentia</span> <span class='ocrx_word' id='word_1_33' title='bbox 269 841 404 910; x_wconf 80' lang='lat' dir='ltr'>animae‚</span> <span class='ocrx_word' id='word_1_34' title='bbox 430 838 619 901; x_wconf 87' lang='lat' dir='ltr'>accidentia</span> <span class='ocrx_word' id='word_1_35' title='bbox 642 850 756 900; x_wconf 89' lang='lat' dir='ltr'>autem</span> <span class='ocrx_word' id='word_1_36' title='bbox 785 848 866 900; x_wconf 89' lang='lat' dir='ltr'>sunt</span> <span class='ocrx_word' id='word_1_37' title='bbox 889 840 1089 918; x_wconf 86' lang='lat' dir='ltr'>interrupta.</span> 
     </span>
    </p>

    <p class='ocr_par' dir='ltr' id='par_1_3' title="bbox 131 946 1099 1451">
     <span class='ocr_line' id='line_1_7' title="bbox 221 946 1096 1028; baseline -0.002 -20"><span class='ocrx_word' id='word_1_38' title='bbox 221 947 392 1008; x_wconf 87' lang='lat' dir='ltr'>Praeterea</span> <span class='ocrx_word' id='word_1_39' title='bbox 415 948 482 1008; x_wconf 89' lang='lat' dir='ltr'>ista</span> <span class='ocrx_word' id='word_1_40' title='bbox 504 949 591 1008; x_wconf 90' lang='lat' dir='ltr'>ratio</span> <span class='ocrx_word' id='word_1_41' title='bbox 615 948 853 1028; x_wconf 64' lang='lat' dir='ltr'>praesupponit</span> <span class='ocrx_word' id='word_1_42' title='bbox 880 946 981 1007; x_wconf 90' lang='lat' dir='ltr'>aliam</span> <span class='ocrx_word' id='word_1_43' title='bbox 1006 947 1096 1007; x_wconf 90' lang='lat' dir='ltr'>radi·</span> 
     </span>
     <span class='ocr_line' id='line_1_8' title="bbox 131 1051 1099 1133; baseline -0.003 -17"><span class='ocrx_word' id='word_1_44' title='bbox 131 1073 204 1116; x_wconf 88' lang='lat' dir='ltr'>cem</span> <span class='ocrx_word' id='word_1_45' title='bbox 229 1051 361 1122; x_wconf 85' lang='lat' dir='ltr'>falsam,</span> <span class='ocrx_word' id='word_1_46' title='bbox 387 1052 517 1114; x_wconf 89' lang='lat' dir='ltr'>scilieet</span> <span class='ocrx_word' id='word_1_47' title='bbox 541 1053 632 1133; x_wconf 90' lang='lat' dir='ltr'>quod</span> <span class='ocrx_word' id='word_1_48' title='bbox 657 1055 692 1114; x_wconf 90' lang='lat' dir='ltr'>in</span> <span class='ocrx_word' id='word_1_49' title='bbox 716 1053 854 1114; x_wconf 91' lang='lat' dir='ltr'>homine</span> <span class='ocrx_word' id='word_1_50' title='bbox 878 1072 945 1116; x_wconf 89' lang='lat' dir='ltr'>non</span> <span class='ocrx_word' id='word_1_51' title='bbox 963 1054 1008 1114; x_wconf 87' lang='lat' dir='ltr'>sit</span> <span class='ocrx_word' id='word_1_52' title='bbox 1024 1053 1099 1114; x_wconf 86' lang='lat' dir='ltr'>alia.</span> 
     </span>
     <span class='ocr_line' id='line_1_9' title="bbox 131 1158 1093 1242; baseline -0.002 -20"><span class='ocrx_word' id='word_1_53' title='bbox 131 1160 242 1222; x_wconf 86' lang='lat' dir='ltr'>forma</span> <span class='ocrx_word' id='word_1_54' title='bbox 275 1169 403 1242; x_wconf 86' lang='lat' dir='ltr'>praeter</span> <span class='ocrx_word' id='word_1_55' title='bbox 437 1161 584 1220; x_wconf 87' lang='lat' dir='ltr'>animam</span> <span class='ocrx_word' id='word_1_56' title='bbox 620 1160 876 1229; x_wconf 87' lang='lat' dir='ltr'>intellectivam,</span> <span class='ocrx_word' id='word_1_57' title='bbox 912 1158 1004 1239; x_wconf 89' lang='lat' dir='ltr'>quod</span> <span class='ocrx_word' id='word_1_58' title='bbox 1038 1169 1093 1220; x_wconf 89' lang='lat' dir='ltr'>est</span> 
     </span>
     <span class='ocr_line' id='line_1_10' title="bbox 131 1266 1094 1346; baseline -0.004 -18"><span class='ocrx_word' id='word_1_59' title='bbox 131 1266 265 1334; x_wconf 85' lang='lat' dir='ltr'>falsum.</span> <span class='ocrx_word' id='word_1_60' title='bbox 290 1276 329 1328; x_wconf 90' lang='lat' dir='ltr'>ut</span> <span class='ocrx_word' id='word_1_61' title='bbox 355 1267 466 1346; x_wconf 89' lang='lat' dir='ltr'>patuit</span> <span class='ocrx_word' id='word_1_62' title='bbox 500 1285 604 1346; x_wconf 91' lang='lat' dir='ltr'>supra</span> <span class='ocrx_word' id='word_1_63' title='bbox 636 1267 736 1326; x_wconf 81' lang='lat' dir='ltr'>Tract.</span> <span class='ocrx_word' id='word_1_64' title='bbox 760 1267 798 1326; x_wconf 86' lang='lat' dir='ltr'>de</span> <span class='ocrx_word' id='word_1_65' title='bbox 820 1267 1034 1335; x_wconf 75' lang='lat' dir='ltr'>Eucharistia,</span> <span class='ocrx_word' id='word_1_66' title='bbox 1063 1271 1094 1324; x_wconf 78' lang='lat' dir='ltr'>et</span> 
     </span>
     <span class='ocr_line' id='line_1_11' title="bbox 131 1375 454 1451; baseline -0.006 -17"><span class='ocrx_word' id='word_1_67' title='bbox 131 1394 160 1436; x_wconf 82' lang='lat'>2.</span> <span class='ocrx_word' id='word_1_68' title='bbox 186 1375 271 1435; x_wconf 72' lang='lat' dir='ltr'>Seni.</span> <span class='ocrx_word' id='word_1_69' title='bbox 297 1375 380 1434; x_wconf 80' lang='lat' dir='ltr'>Disl.</span> <span class='ocrx_word' id='word_1_70' title='bbox 407 1390 454 1451; x_wconf 83' lang='lat'>17.</span> 
     </span>
    </p>

    <p class='ocr_par' dir='ltr' id='par_1_4' title="bbox 58 1480 1101 3269">
     <span class='ocr_line' id='line_1_12' title="bbox 221 1480 1099 1560; baseline -0.001 -19"><span class='ocrx_word' id='word_1_71' title='bbox 221 1484 297 1541; x_wconf 85' lang='lat' dir='ltr'>Alia</span> <span class='ocrx_word' id='word_1_72' title='bbox 323 1483 428 1558; x_wconf 77' lang='lat' dir='ltr'>opinio</span> <span class='ocrx_word' id='word_1_73' title='bbox 461 1480 611 1542; x_wconf 80' lang='lat' dir='ltr'>declarat</span> <span class='ocrx_word' id='word_1_74' title='bbox 638 1480 902 1560; x_wconf 88' lang='lat' dir='ltr'>possibilitatem</span> <span class='ocrx_word' id='word_1_75' title='bbox 926 1498 1099 1541; x_wconf 79' lang='lat' dir='ltr'>resurrec-</span> 
     </span>
     <span class='ocr_line' id='line_1_13' title="bbox 132 1586 1090 1667; baseline -0.005 -17"><span class='ocrx_word' id='word_1_76' title='bbox 132 1591 235 1650; x_wconf 90' lang='lat' dir='ltr'>tionis</span> <span class='ocrx_word' id='word_1_77' title='bbox 259 1590 329 1649; x_wconf 89' lang='lat' dir='ltr'>sic:</span> <span class='ocrx_word' id='word_1_78' title='bbox 354 1606 432 1648; x_wconf 91' lang='lat' dir='ltr'>nam</span> <span class='ocrx_word' id='word_1_79' title='bbox 457 1597 578 1648; x_wconf 87' lang='lat' dir='ltr'>natura</span> <span class='ocrx_word' id='word_1_80' title='bbox 602 1605 671 1647; x_wconf 94' lang='lat' dir='ltr'>non</span> <span class='ocrx_word' id='word_1_81' title='bbox 694 1587 768 1667; x_wconf 85' lang='lat' dir='ltr'>agit</span> <span class='ocrx_word' id='word_1_82' title='bbox 792 1586 858 1646; x_wconf 91' lang='lat' dir='ltr'>nisi</span> <span class='ocrx_word' id='word_1_83' title='bbox 882 1605 944 1667; x_wconf 90' lang='lat' dir='ltr'>per</span> <span class='ocrx_word' id='word_1_84' title='bbox 959 1594 1090 1646; x_wconf 91' lang='lat' dir='ltr'>motum</span> 
     </span>
     <span class='ocr_line' id='line_1_14' title="bbox 131 1693 1099 1772; baseline -0.003 -15"><span class='ocrx_word' id='word_1_85' title='bbox 131 1706 166 1758; x_wconf 92' lang='lat' dir='ltr'>et</span> <span class='ocrx_word' id='word_1_86' title='bbox 188 1695 422 1764; x_wconf 81' lang='lat' dir='ltr'>mutationem,</span> <span class='ocrx_word' id='word_1_87' title='bbox 447 1695 523 1754; x_wconf 90' lang='lat' dir='ltr'>ideo</span> <span class='ocrx_word' id='word_1_88' title='bbox 547 1713 615 1754; x_wconf 92' lang='lat' dir='ltr'>non</span> <span class='ocrx_word' id='word_1_89' title='bbox 639 1701 754 1772; x_wconf 91' lang='lat' dir='ltr'>potest</span> <span class='ocrx_word' id='word_1_90' title='bbox 783 1693 894 1753; x_wconf 85' lang='lat' dir='ltr'>redire</span> <span class='ocrx_word' id='word_1_91' title='bbox 918 1693 1007 1754; x_wconf 93' lang='lat' dir='ltr'>idem</span> <span class='ocrx_word' id='word_1_92' title='bbox 1033 1713 1099 1754; x_wconf 73' lang='lat' dir='ltr'>nu-</span> 
     </span>
     <span class='ocr_line' id='line_1_15' title="bbox 130 1786 1095 1881; baseline -0.004 -17"><span class='ocrx_word' id='word_1_93' title='bbox 130 1821 234 1871; x_wconf 83' lang='lat' dir='ltr'>mero,</span> <span class='ocrx_word' id='word_1_94' title='bbox 259 1804 340 1881; x_wconf 91' lang='lat' dir='ltr'>quia</span> <span class='ocrx_word' id='word_1_95' title='bbox 364 1810 478 1861; x_wconf 90' lang='lat' dir='ltr'>motus</span> <span class='ocrx_word' id='word_1_96' title='bbox 501 1809 536 1860; x_wconf 93' lang='lat' dir='ltr'>et</span> <span class='ocrx_word' id='word_1_97' title='bbox 559 1786 704 1861; x_wconf 89' lang='lat' dir='ltr'>mutatio</span> <span class='ocrx_word' id='word_1_98' title='bbox 732 1819 800 1861; x_wconf 94' lang='lat' dir='ltr'>non</span> <span class='ocrx_word' id='word_1_99' title='bbox 817 1809 964 1878; x_wconf 86' lang='lat' dir='ltr'>possunt</span> <span class='ocrx_word' id='word_1_100' title='bbox 979 1798 1095 1861; x_wconf 88' lang='lat' dir='ltr'>redire</span> 
     </span>
     <span class='ocr_line' id='line_1_16' title="bbox 132 1906 1092 1987; baseline -0.002 -17"><span class='ocrx_word' id='word_1_101' title='bbox 132 1911 220 1971; x_wconf 89' lang='lat' dir='ltr'>idem</span> <span class='ocrx_word' id='word_1_102' title='bbox 246 1928 396 1969; x_wconf 90' lang='lat' dir='ltr'>numero.</span> <span class='ocrx_word' id='word_1_103' title='bbox 421 1906 517 1968; x_wconf 92' lang='lat' dir='ltr'>Deus</span> <span class='ocrx_word' id='word_1_104' title='bbox 540 1915 655 1968; x_wconf 90' lang='lat' dir='ltr'>autem</span> <span class='ocrx_word' id='word_1_105' title='bbox 679 1915 794 1986; x_wconf 91' lang='lat' dir='ltr'>potest</span> <span class='ocrx_word' id='word_1_106' title='bbox 818 1925 921 1987; x_wconf 84' lang='lat' dir='ltr'>agere</span> <span class='ocrx_word' id='word_1_107' title='bbox 945 1925 1012 1967; x_wconf 94' lang='lat' dir='ltr'>non</span> <span class='ocrx_word' id='word_1_108' title='bbox 1029 1925 1092 1986; x_wconf 87' lang='lat' dir='ltr'>per</span> 
     </span>
     <span class='ocr_line' id='line_1_17' title="bbox 131 2013 1090 2092; baseline -0.003 -15"><span class='ocrx_word' id='word_1_109' title='bbox 131 2026 261 2077; x_wconf 91' lang='lat' dir='ltr'>motum</span> <span class='ocrx_word' id='word_1_110' title='bbox 285 2025 319 2076; x_wconf 90' lang='lat' dir='ltr'>et</span> <span class='ocrx_word' id='word_1_111' title='bbox 350 2015 583 2081; x_wconf 84' lang='lat' dir='ltr'>mutationem,</span> <span class='ocrx_word' id='word_1_112' title='bbox 619 2023 654 2074; x_wconf 88' lang='lat' dir='ltr'>et</span> <span class='ocrx_word' id='word_1_113' title='bbox 688 2013 765 2074; x_wconf 91' lang='lat' dir='ltr'>ideo</span> <span class='ocrx_word' id='word_1_114' title='bbox 799 2032 861 2092; x_wconf 91' lang='lat' dir='ltr'>per</span> <span class='ocrx_word' id='word_1_115' title='bbox 894 2014 1090 2092; x_wconf 89' lang='lat' dir='ltr'>oppositum</span> 
     </span>
     <span class='ocr_line' id='line_1_18' title="bbox 132 2120 1100 2201; baseline -0.002 -18"><span class='ocrx_word' id='word_1_116' title='bbox 132 2124 221 2184; x_wconf 91' lang='lat' dir='ltr'>idem</span> <span class='ocrx_word' id='word_1_117' title='bbox 245 2141 386 2183; x_wconf 91' lang='lat' dir='ltr'>numero</span> <span class='ocrx_word' id='word_1_118' title='bbox 410 2131 523 2201; x_wconf 89' lang='lat' dir='ltr'>potest</span> <span class='ocrx_word' id='word_1_119' title='bbox 545 2122 666 2182; x_wconf 89' lang='lat' dir='ltr'>redire.</span> <span class='ocrx_word' id='word_1_120' title='bbox 684 2156 726 2164; x_wconf 83' lang='lat'><em>-</em></span> <span class='ocrx_word' id='word_1_121' title='bbox 743 2120 830 2182; x_wconf 90' lang='lat' dir='ltr'>Item</span> <span class='ocrx_word' id='word_1_122' title='bbox 855 2121 944 2181; x_wconf 90' lang='lat' dir='ltr'>idem</span> <span class='ocrx_word' id='word_1_123' title='bbox 961 2120 1100 2181; x_wconf 67' lang='lat' dir='ltr'>Doctor-</span> 
     </span>
     <span class='ocr_line' id='line_1_19' title="bbox 131 2226 1098 2308; baseline -0.003 -18"><span class='ocrx_word' id='word_1_124' title='bbox 131 2230 214 2291; x_wconf 90' lang='lat' dir='ltr'>dicit</span> <span class='ocrx_word' id='word_1_125' title='bbox 238 2228 317 2289; x_wconf 88' lang='lat' dir='ltr'>alibi</span> <span class='ocrx_word' id='word_1_126' title='bbox 343 2230 401 2297; x_wconf 88' lang='lat' dir='ltr'>sic,</span> <span class='ocrx_word' id='word_1_127' title='bbox 426 2229 517 2308; x_wconf 93' lang='lat' dir='ltr'>quod</span> <span class='ocrx_word' id='word_1_128' title='bbox 554 2228 621 2289; x_wconf 88' lang='lat' dir='ltr'>alio</span> <span class='ocrx_word' id='word_1_129' title='bbox 655 2228 757 2288; x_wconf 91' lang='lat' dir='ltr'>modo</span> <span class='ocrx_word' id='word_1_130' title='bbox 792 2246 901 2308; x_wconf 89' lang='lat' dir='ltr'>agens</span> <span class='ocrx_word' id='word_1_131' title='bbox 936 2226 1098 2288; x_wconf 88' lang='lat' dir='ltr'>naturale-</span> 
     </span>
     <span class='ocr_line' id='line_1_20' title="bbox 131 2334 1092 2416; baseline -0.004 -19"><span class='ocrx_word' id='word_1_132' title='bbox 131 2336 254 2415; x_wconf 86' lang='lat' dir='ltr'>aspicit</span> <span class='ocrx_word' id='word_1_133' title='bbox 269 2336 446 2396; x_wconf 84' lang='lat' dir='ltr'>materiam</span> <span class='ocrx_word' id='word_1_134' title='bbox 464 2352 565 2413; x_wconf 89' lang='lat' dir='ltr'>quam</span> <span class='ocrx_word' id='word_1_135' title='bbox 584 2354 693 2416; x_wconf 85' lang='lat' dir='ltr'>agens</span> <span class='ocrx_word' id='word_1_136' title='bbox 709 2336 868 2413; x_wconf 81' lang='lat' dir='ltr'>prImum,</span> <span class='ocrx_word' id='word_1_137' title='bbox 885 2334 966 2413; x_wconf 90' lang='lat' dir='ltr'>quia</span> <span class='ocrx_word' id='word_1_138' title='bbox 982 2352 1092 2415; x_wconf 86' lang='lat' dir='ltr'>agens</span> 
     </span>
     <span class='ocr_line' id='line_1_21' title="bbox 132 2440 1098 2523; baseline -0.002 -20"><span class='ocrx_word' id='word_1_139' title='bbox 132 2444 279 2523; x_wconf 91' lang='lat' dir='ltr'>primum</span> <span class='ocrx_word' id='word_1_140' title='bbox 291 2442 414 2521; x_wconf 87' lang='lat' dir='ltr'>aspicit</span> <span class='ocrx_word' id='word_1_141' title='bbox 425 2442 601 2503; x_wconf 87' lang='lat' dir='ltr'>materiam</span> <span class='ocrx_word' id='word_1_142' title='bbox 615 2449 653 2503; x_wconf 91' lang='lat' dir='ltr'>ut</span> <span class='ocrx_word' id='word_1_143' title='bbox 675 2441 760 2519; x_wconf 85' lang='lat' dir='ltr'>quid,</span> <span class='ocrx_word' id='word_1_144' title='bbox 782 2441 872 2502; x_wconf 89' lang='lat' dir='ltr'>idest</span> <span class='ocrx_word' id='word_1_145' title='bbox 883 2441 977 2502; x_wconf 86' lang='lat' dir='ltr'>nullo</span> <span class='ocrx_word' id='word_1_146' title='bbox 989 2440 1098 2501; x_wconf 87' lang='lat' dir='ltr'>modo</span> 
     </span>
     <span class='ocr_line' id='line_1_22' title="bbox 132 2548 1091 2629; baseline -0.004 -20"><span class='ocrx_word' id='word_1_147' title='bbox 132 2550 340 2617; x_wconf 88' lang='lat' dir='ltr'>distinctum,</span> <span class='ocrx_word' id='word_1_148' title='bbox 366 2567 474 2629; x_wconf 86' lang='lat' dir='ltr'>agens</span> <span class='ocrx_word' id='word_1_149' title='bbox 498 2556 611 2608; x_wconf 87' lang='lat' dir='ltr'>autem</span> <span class='ocrx_word' id='word_1_150' title='bbox 629 2548 784 2609; x_wconf 89' lang='lat' dir='ltr'>naturale</span> <span class='ocrx_word' id='word_1_151' title='bbox 801 2566 867 2608; x_wconf 91' lang='lat' dir='ltr'>non</span> <span class='ocrx_word' id='word_1_152' title='bbox 881 2548 1004 2625; x_wconf 87' lang='lat' dir='ltr'>aspicit</span> <span class='ocrx_word' id='word_1_153' title='bbox 1015 2565 1091 2606; x_wconf 90' lang='lat' dir='ltr'>eam</span> 
     </span>
     <span class='ocr_line' id='line_1_23' title="bbox 58 2631 1090 2734; baseline -0.004 -19"><span class='ocrx_word' id='word_1_154' title='bbox 58 2694 63 2701; x_wconf 87' lang='lat'>-</span> <span class='ocrx_word' id='word_1_155' title='bbox 132 2664 170 2715; x_wconf 89' lang='lat' dir='ltr'>ut</span> <span class='ocrx_word' id='word_1_156' title='bbox 193 2655 285 2733; x_wconf 90' lang='lat' dir='ltr'>quid,</span> <span class='ocrx_word' id='word_1_157' title='bbox 299 2656 380 2734; x_wconf 89' lang='lat' dir='ltr'>quia</span> <span class='ocrx_word' id='word_1_158' title='bbox 393 2647 515 2733; x_wconf 76' lang='lat' dir='ltr'>aspicit</span> <span class='ocrx_word' id='word_1_159' title='bbox 538 2631 612 2714; x_wconf 85' lang='lat' dir='ltr'>eam</span> <span class='ocrx_word' id='word_1_160' title='bbox 638 2653 834 2714; x_wconf 88' lang='lat' dir='ltr'>distinctam</span> <span class='ocrx_word' id='word_1_161' title='bbox 859 2661 893 2713; x_wconf 92' lang='lat' dir='ltr'>et</span> <span class='ocrx_word' id='word_1_162' title='bbox 917 2661 1090 2731; x_wconf 89' lang='lat' dir='ltr'>quantam.</span> 
     </span>
     <span class='ocr_line' id='line_1_24' title="bbox 132 2759 1091 2842; baseline -0.004 -19"><span class='ocrx_word' id='word_1_163' title='bbox 132 2762 229 2823; x_wconf 92' lang='lat' dir='ltr'>Tunc</span> <span class='ocrx_word' id='word_1_164' title='bbox 253 2780 362 2842; x_wconf 88' lang='lat' dir='ltr'>arguo</span> <span class='ocrx_word' id='word_1_165' title='bbox 387 2762 456 2822; x_wconf 91' lang='lat' dir='ltr'>sic:</span> <span class='ocrx_word' id='word_1_166' title='bbox 482 2759 607 2841; x_wconf 85' lang='lat' dir='ltr'>Agens</span> <span class='ocrx_word' id='word_1_167' title='bbox 631 2760 724 2839; x_wconf 88' lang='lat' dir='ltr'>quod</span> <span class='ocrx_word' id='word_1_168' title='bbox 749 2760 890 2838; x_wconf 87' lang='lat' dir='ltr'>respicit</span> <span class='ocrx_word' id='word_1_169' title='bbox 914 2759 1091 2819; x_wconf 89' lang='lat' dir='ltr'>materiam</span> 
     </span>
     <span class='ocr_line' id='line_1_25' title="bbox 132 2863 1094 2947; baseline -0.005 -17"><span class='ocrx_word' id='word_1_170' title='bbox 132 2878 170 2930; x_wconf 92' lang='lat' dir='ltr'>ut</span> <span class='ocrx_word' id='word_1_171' title='bbox 193 2868 277 2945; x_wconf 82' lang='lat' dir='ltr'>quid,</span> <span class='ocrx_word' id='word_1_172' title='bbox 306 2877 420 2947; x_wconf 90' lang='lat' dir='ltr'>potest</span> <span class='ocrx_word' id='word_1_173' title='bbox 443 2866 508 2927; x_wconf 91' lang='lat' dir='ltr'>sibi</span> <span class='ocrx_word' id='word_1_174' title='bbox 541 2866 683 2927; x_wconf 86' lang='lat' dir='ltr'>eandem</span> <span class='ocrx_word' id='word_1_175' title='bbox 718 2863 862 2925; x_wconf 84' lang='lat' dir='ltr'>formam</span> <span class='ocrx_word' id='word_1_176' title='bbox 897 2866 1094 2944; x_wconf 89' lang='lat' dir='ltr'>imprimere</span> 
     </span>
     <span class='ocr_line' id='line_1_26' title="bbox 132 2972 1101 3054; baseline -0.008 -17"><span class='ocrx_word' id='word_1_177' title='bbox 132 2985 170 3037; x_wconf 90' lang='lat' dir='ltr'>ut</span> <span class='ocrx_word' id='word_1_178' title='bbox 193 2976 308 3054; x_wconf 91' lang='lat' dir='ltr'>prius;</span> <span class='ocrx_word' id='word_1_179' title='bbox 334 2974 394 3035; x_wconf 90' lang='lat' dir='ltr'>sed</span> <span class='ocrx_word' id='word_1_180' title='bbox 430 2972 526 3034; x_wconf 89' lang='lat' dir='ltr'>Deus</span> <span class='ocrx_word' id='word_1_181' title='bbox 560 2974 685 3053; x_wconf 90' lang='lat' dir='ltr'>aspicit</span> <span class='ocrx_word' id='word_1_182' title='bbox 718 2972 895 3032; x_wconf 88' lang='lat' dir='ltr'>materiam</span> <span class='ocrx_word' id='word_1_183' title='bbox 930 2981 969 3032; x_wconf 92' lang='lat' dir='ltr'>ut</span> <span class='ocrx_word' id='word_1_184' title='bbox 991 2972 1071 3049; x_wconf 83' lang='lat' dir='ltr'>quid</span> <span class='ocrx_word' id='word_1_185' title='bbox 1078 2994 1101 3041; x_wconf 63' lang='lat' dir='ltr'>s</span> 
     </span>
     <span class='ocr_line' id='line_1_27' title="bbox 132 3076 1100 3161; baseline -0.003 -19"><span class='ocrx_word' id='word_1_186' title='bbox 132 3099 216 3161; x_wconf 87' lang='lat' dir='ltr'>ergo</span> <span class='ocrx_word' id='word_1_187' title='bbox 240 3089 354 3161; x_wconf 90' lang='lat' dir='ltr'>potest</span> <span class='ocrx_word' id='word_1_188' title='bbox 377 3081 441 3141; x_wconf 90' lang='lat' dir='ltr'>sibi</span> <span class='ocrx_word' id='word_1_189' title='bbox 466 3080 608 3140; x_wconf 88' lang='lat' dir='ltr'>eandem</span> <span class='ocrx_word' id='word_1_190' title='bbox 633 3076 776 3139; x_wconf 84' lang='lat' dir='ltr'>formam</span> <span class='ocrx_word' id='word_1_191' title='bbox 801 3079 1009 3157; x_wconf 88' lang='lat' dir='ltr'>imprimere;</span> <span class='ocrx_word' id='word_1_192' title='bbox 1028 3077 1100 3139; x_wconf 83' lang='lat' dir='ltr'>hoc·</span> 
     </span>
     <span class='ocr_line' id='line_1_28' title="bbox 133 3197 535 3269; baseline -0.002 -21"><span class='ocrx_word' id='word_1_193' title='bbox 133 3198 245 3249; x_wconf 88' lang='lat' dir='ltr'>autem</span> <span class='ocrx_word' id='word_1_194' title='bbox 270 3197 323 3249; x_wconf 90' lang='lat' dir='ltr'>est</span> <span class='ocrx_word' id='word_1_195' title='bbox 346 3206 535 3269; x_wconf 88' lang='lat' dir='ltr'>resurgere.</span> 
     </span>
    </p>

    <p class='ocr_par' dir='ltr' id='par_1_5' title="bbox 132 3289 1163 3683">
     <span class='ocr_line' id='line_1_29' title="bbox 225 3289 1094 3373; baseline -0.006 -18"><span class='ocrx_word' id='word_1_196' title='bbox 225 3295 340 3355; x_wconf 81' lang='lat' dir='ltr'>Contra</span> <span class='ocrx_word' id='word_1_197' title='bbox 357 3297 502 3372; x_wconf 81' lang='lat' dir='ltr'>primum</span> <span class='ocrx_word' id='word_1_198' title='bbox 536 3294 651 3352; x_wconf 78' lang='lat' dir='ltr'>dictum</span> <span class='ocrx_word' id='word_1_199' title='bbox 685 3311 794 3373; x_wconf 84' lang='lat' dir='ltr'>arguo</span> <span class='ocrx_word' id='word_1_200' title='bbox 829 3292 899 3371; x_wconf 74' lang='lat' dir='ltr'>sic:</span> <span class='ocrx_word' id='word_1_201' title='bbox 934 3289 1004 3353; x_wconf 89' lang='lat' dir='ltr'>Ubi</span> <span class='ocrx_word' id='word_1_202' title='bbox 1039 3298 1094 3351; x_wconf 89' lang='lat' dir='ltr'>est</span> 
     </span>
     <span class='ocr_line' id='line_1_30' title="bbox 132 3395 1091 3480; baseline -0.005 -18"><span class='ocrx_word' id='word_1_203' title='bbox 132 3402 297 3462; x_wconf 89' lang='lat' dir='ltr'>transitus</span> <span class='ocrx_word' id='word_1_204' title='bbox 320 3402 362 3461; x_wconf 90' lang='lat' dir='ltr'>de</span> <span class='ocrx_word' id='word_1_205' title='bbox 385 3400 577 3480; x_wconf 87' lang='lat' dir='ltr'>privatione</span> <span class='ocrx_word' id='word_1_206' title='bbox 600 3399 644 3460; x_wconf 88' lang='lat' dir='ltr'>ad</span> <span class='ocrx_word' id='word_1_207' title='bbox 678 3398 832 3459; x_wconf 89' lang='lat' dir='ltr'>habitum</span> <span class='ocrx_word' id='word_1_208' title='bbox 868 3406 903 3458; x_wconf 89' lang='lat' dir='ltr'>et</span> <span class='ocrx_word' id='word_1_209' title='bbox 937 3395 1091 3467; x_wconf 87' lang='lat' dir='ltr'>formam,</span> 
     </span>
     <span class='ocr_line' id='line_1_31' title="bbox 132 3503 1103 3585; baseline -0.005 -17"><span class='ocrx_word' id='word_1_210' title='bbox 132 3508 179 3568; x_wconf 91' lang='lat' dir='ltr'>ibi</span> <span class='ocrx_word' id='word_1_211' title='bbox 204 3517 257 3568; x_wconf 86' lang='lat' dir='ltr'>est</span> <span class='ocrx_word' id='word_1_212' title='bbox 280 3526 361 3567; x_wconf 91' lang='lat' dir='ltr'>vera</span> <span class='ocrx_word' id='word_1_213' title='bbox 383 3506 537 3575; x_wconf 88' lang='lat' dir='ltr'>mutatio,</span> <span class='ocrx_word' id='word_1_214' title='bbox 561 3506 643 3585; x_wconf 91' lang='lat' dir='ltr'>quia</span> <span class='ocrx_word' id='word_1_215' title='bbox 666 3506 844 3566; x_wconf 87' lang='lat' dir='ltr'>verissime</span> <span class='ocrx_word' id='word_1_216' title='bbox 868 3503 1021 3564; x_wconf 89' lang='lat' dir='ltr'>salvatur</span> <span class='ocrx_word' id='word_1_217' title='bbox 1043 3523 1103 3563; x_wconf 79' lang='lat' dir='ltr'>ra·-</span> 
     </span>
     <span class='ocr_line' id='line_1_32' title="bbox 132 3611 1163 3683; baseline -0.006 -8"><span class='ocrx_word' id='word_1_218' title='bbox 132 3614 180 3675; x_wconf 92' lang='lat' dir='ltr'>tio</span> <span class='ocrx_word' id='word_1_219' title='bbox 204 3612 381 3675; x_wconf 89' lang='lat' dir='ltr'>definitiva</span> <span class='ocrx_word' id='word_1_220' title='bbox 403 3612 617 3683; x_wconf 86' lang='lat' dir='ltr'>mutationis;</span> <span class='ocrx_word' id='word_1_221' title='bbox 643 3612 704 3673; x_wconf 88' lang='lat' dir='ltr'>sed</span> <span class='ocrx_word' id='word_1_222' title='bbox 720 3611 988 3673; x_wconf 88' lang='lat' dir='ltr'>resurrectioest</span> <span class='ocrx_word' id='word_1_223' title='bbox 1004 3618 1095 3670; x_wconf 88' lang='lat' dir='ltr'>tran·</span> <span class='ocrx_word' id='word_1_224' title='bbox 1159 3646 1163 3654; x_wconf 78' lang='lat'><em>,</em></span> 
     </span>
    </p>
   </div>
   <div class='ocr_carea' id='block_1_3' title="bbox 0 0 1306 4200">
    <p class='ocr_par' dir='ltr' id='par_1_6' title="bbox 0 0 1306 4200">
     <span class='ocr_line' id='line_1_33' title="bbox 0 0 1306 4200; baseline 0 0"><span class='ocrx_word' id='word_1_225' title='bbox 0 0 1306 4200; x_wconf 95' lang='lat' dir='ltr'> </span> 
     </span>
    </p>
   </div>
  </div>
 </body>
</html>
