2600 4200
277 178 339 238 166
517 175 592 240 Lm.
616 177 662 238 111
686 175 977 240 Sententiarum

250 293 386 301 ——-..

251 390 352 444 tatem
371 382 481 462 prima
503 390 536 444 et
552 391 616 463 per
635 402 678 454 se,
706 391 784 444 tunc
808 381 914 463 ipsum
938 381 1026 463 quad
1056 381 1140 464 quid
1167 392 1212 444 est

250 497 299 551 est
322 488 408 550 idem
427 487 537 570 prima
552 497 585 550 et
601 499 664 570 per
677 509 710 550 se
724 509 800 551 cum
816 509 856 551 eo
872 489 964 570 cujus
987 497 1054 564 est;
1079 490 1211 570 quando

251 605 361 658 autern
385 595 508 677 aliquid
531 595 629 658 habet
663 595 876 677 quidditatem
912 595 1017 658 solum
1054 616 1111 678 per
1134 595 1210 658 acci·

252 702 341 775 dens,
365 711 445 764 tunc
468 701 632 783 quidditas
655 711 703 764 est
726 701 812 764 idem
831 713 892 783 per
913 723 946 764 se
969 701 1026 764 sed
1057 723 1122 764 non
1141 702 1210 783 pri·

252 829 327 882 ma,·
351 809 484 891 quando
507 818 618 871 autem
642 809 741 871 habet
774 809 990 890 quidditatem
1026 810 1132 872 solum
1158 830 1211 890 per

251 916 410 988 accidens,
434 925 513 978 tunc
536 917 700 997 quidditas
723 925 771 978 est
794 917 879 978 idem
907 916 966 978 sibi
1003 925 1132 978 tantum
1158 937 1210 997 per

253 1024 410 1086 accidens.
434 1023 529 1085 Tunc
551 1024 594 1085 ad
618 1024 843 1105 propositum:
868 1024 944 1104 quia
979 1023 1080 1085 homo
1116 1022 1210 1084 habet

253 1131 470 1211 quidditatem
505 1151 562 1212 per
585 1151 619 1192 se
653 1140 685 1193 et
720 1131 836 1212 primo,
860 1131 933 1192 ideo
967 1129 1132 1212 quidditas
1166 1139 1211 1191 est

254 1237 341 1298 idem
364 1237 444 1313 sibi;
469 1239 524 1301 sed
549 1238 602 1300 hic
626 1238 728 1299 homo
751 1237 893 1300 existens
909 1247 957 1300 est
981 1237 1104 1300 habens
1119 1237 1208 1318 quid-

254 1343 388 1405 ditatern
413 1365 470 1425 per
492 1345 652 1418 accidens,
676 1353 708 1406 et
732 1344 776 1406 ita
798 1344 962 1425 quidditas
977 1353 1026 1406 est
1050 1344 1136 1406 idem
1158 1363 1210 1424 per

254 1449 403 1512 accidens
430 1451 498 1513 sibi.
535 1451 634 1514 Unde
668 1452 710 1514 ad
747 1449 885 1513 formam
921 1450 1105 1532 argumenti
1140 1451 1211 1511 dico

254 1557 344 1637 quod
368 1555 400 1618 in
423 1558 564 1639 acceptis
594 1578 671 1620 cum
708 1557 841 1619 materia
876 1565 1042 1619 contracta
1076 1577 1143 1619 non
1166 1564 1211 1617 est

254 1663 418 1745 quidditas
441 1664 526 1725 idem
551 1685 607 1746 per
631 1684 665 1726 se
688 1684 764 1726 cum
791 1685 830 1725 eo
854 1664 946 1744 cujus
969 1673 1017 1726 est
1040 1663 1210 1746 quidditas,

254 1771 311 1832 sed
334 1779 463 1832 tantum
488 1791 545 1852 per
568 1772 726 1834 accidens

321 1877 380 1939 Ae
398 1889 552 1958 quartam
576 1878 649 1940 dico
674 1879 763 1959 quod
799 1876 1017 1958 Philosophus
1050 1877 1127 1940 dicit
1150 1876 1210 1938 for·

255 2001 344 2044 mam
367 2005 436 2046 esse
459 1984 684 2065 quidditatem‚
709 2005 775 2046 non
806 1985 896 2066 quod
931 1983 1106 2046 formaliter
1129 1985 1212 2046 dicat

254 2097 358 2152 totam
382 2090 597 2172 quidditatem
620 2092 674 2167 rei,
700 2093 755 2154 sed
790 2090 866 2174 quia
893 2090 970 2154 dicit
1005 2091 1211 2174 principalem

256 2207 383 2279 partem
407 2199 603 2280 quidditatis.

323 2410 643 2493 Resportdendo
666 2428 768 2495 erqo
787 2412 830 2473 ad
846 2412 1059 2494 quaestionem
1085 2412 1215 2494 ponitur

257 2527 373 2597 quarta
396 2518 507 2598 opinio
530 2538 606 2597 quae
629 2518 706 2579 dicit
725 2519 815 2599 quod
832 2539 907 2581 cum
924 2519 1081 2601 quaeritur
1104 2528 1213 2580 utrum

257 2624 406 2689 Christus
433 2624 465 2686 in
489 2624 597 2686 triduo
620 2623 681 2686 fuit
705 2624 814 2697 homo,
836 2624 929 2687 leaena
954 2635 1060 2707 potest
1084 2623 1215 2705 intelligi

256 2732 435 2813 dupliciter,
460 2731 579 2794 scilicet
601 2732 818 2795 materialiter
839 2742 871 2795 et
886 2733 1089 2815 formaliter.
1114 2732 1145 2795 Si
1171 2731 1217 2792 in·

255 2839 418 2921 telligatur
442 2838 666 2911 materialiter,
694 2838 738 2901 sic
763 2840 878 2901 dicitur
902 2841 992 2921 quod
1014 2840 1158 2903 Christus
1183 2838 1216 2899 in

256 2947 364 3009 triduo
388 2947 446 3008 fuit
471 2945 581 3019 homo,
605 2946 682 3027 quia
706 2956 780 3028 post
808 2956 947 3009 mortem
979 2948 1066 3009 nulla
1099 2944 1218 3010 entitas

257 3054 348 3116 realis
371 3054 512 3134 partialis
535 3053 594 3115 fuit
621 3056 795 3126 destructa,
819 3054 923 3116 immo
958 3054 1110 3136 quaelibet
1142 3053 1219 3114 talis

215 3214 222 3233 ,
256 3160 372 3221 entitas
395 3159 455 3221 suit
480 3160 714 3234 unita.Verb0‚
738 3169 770 3223 et
794 3160 867 3223 ideo
891 3159 950 3223 fuit
982 3162 1083 3224 horno
1118 3168 1220 3221 mate·

256 3266 381 3340 naliter,
395 3267 589 3347 inquantum
614 3267 729 3330 habuit
752 3278 859 3349 partes
882 3268 941 3330 sibi
966 3269 1079 3330 unitas.
1104 3265 1135 3329 Si
1160 3286 1219 3326 an-

256 3384 323 3436 tem
348 3374 543 3455 intelligatur
558 3374 761 3456 farmale'ter,
783 3383 861 3436 tune
890 3373 1037 3438 Christus
1053 3375 1084 3436 in
1106 3370 1222 3435 triduo

254 3500 320 3543 non
344 3481 404 3543 suit
427 3481 538 3555 homo,
555 3481 631 3562 quia
646 3492 684 3545 ut
707 3490 796 3563 patet
821 3502 876 3561 per
900 3481 1123 3544 auctoritatem
1142 3478 1221 3542 Au-

258 3588 377 3668 gustini
400 3589 574 3670 allegatam
598 3599 711 3651 contra
742 3589 929 3670 opinionem
965 3588 1221 3670 praecedentem,
