2600 4200
233 221 296 295 386
459 217 534 278 Lm.
560 216 612 278 IV
637 215 945 278 smrnnrnnun

208 396 242 457 in
267 398 339 456 vita
362 395 567 466 immortali;
592 395 654 456 sed
677 405 771 456 totus
802 395 904 456 homo
941 397 1008 456 erit
1042 397 1174 465 beatus,

208 504 288 583 quia
310 511 404 563 totus
428 501 530 562 homo
554 503 698 574 meruit;
724 520 808 582 ergo
825 512 935 563 totum
954 503 1019 563 erit
1035 503 1175 563 beatum

208 610 243 670 in
266 627 408 688 corpore
431 608 626 672 immortali,

296 713 366 776 Sed
389 714 529 776 dubium
554 723 606 776 est
629 714 672 776 de
695 733 800 776 causa
823 714 1122 794 impassibilitatis,
1138 733 1172 775 e:

206 830 321 902 potest
354 821 537 902 multiplex
570 840 674 883 causa
708 822 889 902 assignari.
922 822 995 882 Una
1030 823 1172 901 quidem

207 929 282 990 haec
316 937 378 997 est,
403 930 484 1009 quia
517 927 701 1009 qualitates
735 937 984 1007 consequentes
1019 929 1171 990 mixtum

207 1055 276 1096 non
298 1044 437 1096 manent
460 1044 542 1096 tunc
565 1036 599 1096 in
623 1053 774 1115 corpore.
800 1035 865 1094 Sed
886 1035 971 1094 istud
990 1055 1052 1094 non
1075 1037 1168 1101 valet,

206 1152 280 1204 tum
304 1143 385 1223 quia
407 1161 532 1223 corpus
555 1141 641 1203 illud
665 1161 732 1202 non
757 1151 908 1203 maneret
924 1143 1171 1210 mixtum‚tum

207 1249 288 1330 quia
311 1248 396 1310 illud
419 1267 544 1329 corpus
569 1267 637 1309 non
661 1258 752 1310 esset
780 1249 1075 1328 proportionatum
1101 1249 1173 1309 ani·

206 1374 283 1416 mae.
310 1391 351 1398 -
375 1356 452 1415 Alia
479 1373 584 1416 causa
617 1354 904 1435 impassibilitatis
938 1364 1052 1434 potest
1087 1357 1172 1415 assi-

207 1463 316 1543 gnari.
342 1462 423 1541 quia
446 1472 520 1523 esto
533 1461 625 1542 quod
637 1439 798 1522 maneant
820 1461 1013 1541 qualitates,
1031 1480 1101 1522 non
1121 1471 1170 1521 ta-

207 1588 284 1630 men
319 1577 458 1629 manent
484 1569 675 1630 contrariae.
706 1567 830 1635 Contra,
858 1569 939 1647 quia
972 1565 1082 1628 iorma
1115 1578 1169 1630 est

206 1677 376 1736 contraria
399 1673 519 1736 formae
543 1675 577 1735 in
602 1675 717 1755 specie
741 1693 823 1747 sua;
860 1673 1077 1735 manentibus
1113 1693 1170 1734 au-

206 1791 275 1843 tem
299 1779 418 1843 formis
442 1783 477 1843 in
502 1783 615 1862 specie
639 1801 711 1852 sua,
736 1790 851 1843 manet
866 1783 1100 1842 contrarietas.
1126 1817 1167 1825 —

215 1890 319 1949 Tertia
354 1898 470 1969 posset
504 1889 585 1970 poni
620 1907 725 1950 causa
759 1887 1056 1969 impassibilitatis.
1086 1888 1167 1968 quia

207 1998 440 2076 susceptivum
464 2015 533 2057 non
557 2006 611 2057 est
633 2004 751 2057 natum
775 1997 925 2075 recipere
960 1996 1166 2056 contrarium

206 2114 285 2185 post
308 2105 524 2165 contrarium.
551 2141 591 2147 —
621 2104 745 2170 Contra,
767 2104 849 2183 quia
865 2104 1098 2183 susceptivum
1116 2110 1167 2163 est

207 2211 296 2272 idem
321 2210 507 2271 secundum
531 2212 680 2290 speciem
694 2220 774 2272 tunc
791 2210 884 2290 quod
900 2219 953 2270 est
969 2228 1082 2281 nunc;
1108 2208 1166 2270 sed

207 2336 297 2379 nunc
320 2328 373 2378 est
397 2327 513 2378 natum
538 2318 689 2397 recipere
712 2318 920 2377 contrarium
943 2325 1022 2395 post
1038 2327 1168 2377 contra·

206 2427 315 2496 rium;
340 2444 433 2506 ergo.

296 2530 444 2592 Videtur
467 2550 551 2612 ergo
574 2530 667 2609 quod
691 2538 847 2609 oporteat
879 2530 979 2590 istam
1014 2530 1168 2609 impassi-

206 2638 374 2700 bilitatem
410 2637 546 2698 aliunde
580 2637 761 2716 requirere,
786 2646 821 2697 et
859 2644 994 2716 oportet
1028 2636 1166 2715 quidem

207 2764 335 2825 ponere
362 2745 673 2825 impassibilitatem
710 2762 771 2823 per
805 2742 944 2823 aliquod
979 2742 1167 2822 impediens

206 2854 401 2932 passionem
439 2852 683 2931 corruptivam.
709 2850 793 2911 Tale
828 2858 941 2910 autern
978 2849 1168 2930 impediens

207 2967 321 3039 potest
344 2960 425 3039 poni
449 2957 505 3018 vel
539 2958 728 3037 positivum
765 2956 820 3017 vel
859 2956 1080 3036 privativum.
1107 2954 1169 3015 Po-

208 3067 348 3127 sitivum
373 3064 512 3145 duplex,
537 3064 668 3125 seilicet
693 3064 815 3133 anima,
840 3062 896 3123 vel
931 3062 994 3123 dos
1028 3063 1062 3122 in
1097 3080 1168 3122 cor-

207 3191 298 3252 pore.
324 3172 538 3232 Privativum
578 3170 736 3231 similiter
770 3170 909 3250 duplex,
936 3168 1066 3230 scilicet
1100 3186 1169 3229 ces-

207 3281 294 3340 satio
318 3288 432 3339 motus
456 3278 617 3345 coelestis,
643 3288 678 3339 et
702 3296 769 3339 non
794 3276 989 3355 cooperatio
1007 3274 1071 3335 Dei
1089 3293 1166 3335 cum

207 3405 311 3447 causa
334 3384 484 3446 secunda
506 3386 713 3464 corruptiva.

297 3492 361 3551 Pro
379 3494 488 3569 primu
512 3494 564 3550 via
588 3492 747 3571 arguitur
771 3490 841 3551 sic:
867 3490 948 3569 quia
983 3488 1095 3549 anima
1130 3488 1165 3547 in

207 3599 320 3658 medio
343 3599 530 3658 constituta
553 3608 606 3657 est
640 3599 729 3658 inter
763 3596 875 3657 Deum
910 3603 944 3656 et
977 3603 1165 3655 creaturam
