2600 4200
221 223 264 282 60
443 221 518 282 Lus.
543 219 595 281 IV
620 219 928 282 Suutuunnuuu

293 399 364 458 Uno
387 399 482 466 modo,
511 398 603 479 quod
626 399 786 460 ostendat
808 418 846 460 se
880 399 971 461 velle
1008 401 1161 479 recipere

198 505 406 566 ablutionem
432 505 600 586 Baptismi
625 504 746 566 eodem
769 505 872 566 modo
904 525 973 586 quo
1003 504 1162 568 Ecclesia

199 611 344 672 intendit
368 611 461 673 illam
486 609 649 681 conferre.
675 619 709 673 et
721 620 835 672 tamen
847 613 1045 693 oppositum
1056 611 1161 673 habet

197 719 231 779 in
257 719 380 789 animo
405 727 440 780 et
463 718 542 780 talis
566 737 634 780 non
658 719 780 800 recipit
803 715 1064 781 Sacramentum
1098 737 1160 780 nec

196 843 267 886 rem
292 827 505 887 sacramenti.
530 823 660 887 Tamen
692 823 849 888 Ecclesia
879 827 975 908 cogit
1004 844 1085 887 eum
1116 825 1160 887 ad

196 932 449 994 observantiam
474 930 551 994 fidei
576 931 784 1003 christianae‚
809 933 891 1012 quia
902 929 1060 994 Ecclesia
1074 951 1162 1012 prae·

197 1039 302 1100 sumit
324 1048 455 1118 partem
480 1039 666 1109 meliorem,
691 1039 750 1101 ubi
774 1040 878 1120 signa
892 1038 1068 1100 meliorem
1084 1058 1174 1120 par-n

196 1154 265 1206 tem
288 1146 516 1225 praetendunt,
542 1147 631 1207 sicut
654 1146 696 1208 de
720 1147 937 1207 matrimonio
952 1155 1062 1226 patet;
1079 1164 1158 1207 nam

197 1253 224 1312 si
249 1252 328 1332 quis
347 1251 496 1331 jurasset
520 1252 622 1314 alicui
645 1270 708 1334 per
723 1252 828 1314 verba
842 1253 886 1313 de
901 1253 1066 1333 praesenti
1083 1253 1158 1313 sine

196 1357 351 1428 testibus,
376 1368 411 1420 et
434 1368 554 1439 postea
573 1359 723 1440 jurasset
757 1360 855 1420 alteri
890 1377 968 1420 curn
997 1358 1157 1428 testibus,

196 1461 352 1526 Ecclesia
367 1474 473 1528 staret
495 1483 558 1547 pro
582 1467 733 1528 secundo
756 1467 984 1535 matrimonio
1009 1483 1087 1526 cum
1111 1475 1160 1526 ta-

196 1590 273 1632 men
298 1572 446 1652 primum
469 1581 560 1634 esset
583 1571 788 1654 legitimum.

284 1679 359 1738 Alio
383 1680 469 1738 modo
493 1686 607 1759 potest
641 1679 766 1760 aliquis
800 1697 877 1740 esse
909 1677 1012 1740 fictus
1045 1687 1159 1739 osten-

195 1785 307 1846 dendo
331 1803 368 1846 se
391 1804 467 1846 esse
490 1786 696 1865 dispositum
728 1786 771 1847 ad
794 1786 1028 1866 recipiendum
1048 1803 1160 1846 sacra·

195 1900 358 1962 mentum,
383 1902 417 1953 et
440 1900 553 1953 tamen
579 1892 723 1954 interius
746 1902 800 1954 est
823 1892 1050 1972 indispositus
1079 1910 1157 1972 pro·

195 2008 271 2079 pter
295 1996 539 2068 infidelitatem,
565 1998 621 2060 vel
645 1999 738 2060 aliud
765 2008 942 2080 peccatum
958 1998 1103 2060 mortale
1120 1999 1155 2058 in

195 2125 264 2186 quo
288 2105 392 2167 vellet
415 2124 599 2177 remanere.
625 2116 660 2168 et
675 2105 735 2167 illo
751 2106 854 2169 modo
865 2106 1053 2186 loquuntur
1068 2106 1158 2167 Doc-

197 2221 289 2274 tores
312 2213 354 2275 de
377 2210 457 2273 ficto
482 2213 662 2293 Baptismo
678 2214 831 2275 dicentes
842 2212 935 2293 quod
951 2232 1020 2273 non
1036 2214 1160 2294 recipit

195 2338 265 2380 rem
291 2320 503 2381 sacramenti.
529 2318 634 2400 Cujus
657 2322 744 2381 ratio
767 2329 821 2382 est
843 2320 925 2400 quia
960 2319 1058 2381 Deus
1088 2338 1157 2380 non

191 2424 355 2507 justificat
379 2427 444 2487 nisi
469 2427 651 2494 volentem,
689 2426 876 2488 secundum
911 2425 997 2487 illud
1032 2426 1156 2507 Augu·

195 2534 291 2594 stini:
318 2530 383 2612 Qui
409 2535 537 2596 creavit
562 2544 595 2595 te
619 2535 694 2595 sine
718 2543 762 2603 te,
787 2552 855 2593 non
886 2530 1090 2613 justificavit
1122 2542 1157 2593 te

195 2642 269 2701 sine
293 2650 335 2700 te.
362 2636 431 2701 Sed
455 2641 553 2701 aliter
564 2638 665 2701 fictus
677 2639 779 2701 habet
791 2640 923 2701 obicem
939 2649 1059 2701 contra
1081 2658 1158 2720 gra-

195 2748 276 2807 tiam
302 2746 421 2807 nolens
441 2744 633 2825 justificari;
659 2765 744 2828 ergo
768 2765 837 2807 non
860 2747 982 2827 recipit
996 2742 1156 2807 effectum

195 2853 374 2933 Baptismi.
400 2852 460 2914 Ad
484 2854 584 2914 istam
609 2855 710 2915 otiam
746 2854 970 2914 intentionem
1001 2852 1155 2932 loquitur

195 2958 417 3041 Augustinus
443 2960 511 3020 Lib.
536 2962 573 3019 de
590 2967 674 3038 poen.
698 2981 722 3021 c.
748 2978 777 3019 2.
794 2969 829 3020 et
844 2961 984 3039 ponitur
995 2960 1029 3017 in
1044 2961 1156 3018 lr'tera:

195 3068 307 3127 omnis
330 3068 420 3127 enirn
445 3069 502 3146 qui
524 3068 594 3147 jam
620 3086 692 3129 suae
717 3067 907 3128 voluntatis
941 3066 1068 3127 arbiter
1100 3074 1156 3126 est

195 3176 402 3235 constitutus
432 3192 509 3235 curn
533 3174 675 3235 'accedit
709 3174 751 3234 ad
786 3171 1045 3235 Sacramentum
1075 3169 1157 3232 fide-

195 3281 288 3348 lium,
315 3282 378 3340 nisi
404 3283 569 3359 poeniteat
593 3300 670 3341 eum
695 3282 777 3341 vitae
800 3281 937 3348 veteris,
962 3295 1087 3339 novam
1104 3279 1155 3339 in-

194 3386 316 3447 choare
341 3407 409 3447 non
433 3398 555 3466 potest.

285 3494 462 3553 notandum
488 3494 579 3574 quod
603 3494 678 3555 haec
701 3503 753 3554 est
776 3490 970 3553 differentia
991 3494 1082 3553 inter
1101 3489 1157 3552 fic·

194 3609 265 3659 tum
291 3602 401 3679 primo
425 3610 458 3661 ot
482 3600 758 3662 secundo·modo
781 3599 920 3667 dictum.
945 3600 1026 3679 quia
1043 3600 1072 3660 si
1089 3600 1158 3680 pri·
