2600 4200
276 241 316 300 32
498 222 572 282 Lru.
595 221 651 283 IV
676 221 981 284 Suuraurmnun

345 399 407 462 Au
430 413 546 462 rsrnn
570 411 828 475 QUAESTIONEM
845 399 955 460 dicam
970 399 1057 460 duas
1073 397 1219 461 Conclu-

254 507 379 568 siones.
405 505 464 568 Ad
488 507 586 587 cujus
608 507 816 569 evidentiam
844 515 897 568 est
921 505 1109 568 notandum
1125 506 1218 585 quod

254 614 344 674 sicut
360 614 518 693 superius
535 613 721 684 dicebatur,
738 610 996 676 Sacramentum
1012 621 1065 674 est
1075 614 1217 694 signum

255 719 418 781 sensibile
442 720 587 800 gratiam
613 719 678 781 Dei
702 720 759 780 vel
793 721 867 800 ejus
900 716 1057 781 effectum
1090 721 1219 801 gratui-

255 835 327 887 tum
368 823 548 888 efficaciter
582 827 726 918 signans
760 845 805 887 ex
839 827 1054 888 institutione
1088 827 1216 894 divina,

254 933 449 994 ordinatum
474 933 517 994 ad
540 933 694 994 salutem
710 934 860 994 hominis
875 934 1028 1003 viatoris,
1046 943 1081 994 et
1097 935 1147 994 sic
1160 929 1218 995 Sa-

254 1050 428 1101 cramenta
445 1040 570 1101 habere
581 1037 776 1109 efficaciam,
789 1049 841 1102 est
855 1041 930 1120 ipsa
940 1039 1077 1101 realiter
1092 1040 1218 1101 habere

255 1143 413 1208 effectum
439 1148 625 1228 signatum,
649 1155 734 1227 puta
756 1149 924 1228 gratiam;
960 1165 1045 1228 ergo
1079 1147 1122 1208 ab
1158 1147 1218 1208 illo

255 1253 382 1314 habent
407 1249 628 1314 Sacramenta
651 1250 845 1322 efficaciam,
881 1272 901 1314 a
934 1273 1003 1333 quo
1037 1263 1091 1314 est
1125 1253 1218 1333 quod

255 1355 397 1420 effectus
421 1360 494 1438 ejus
518 1359 654 1422 realiter
670 1361 929 1430 concomitetur;
948 1360 1008 1420 sed
1024 1360 1089 1422 hoc
1110 1359 1219 1440 dupli·

255 1467 339 1527 citer
355 1474 469 1546 potest
485 1484 570 1536 esse,
589 1466 644 1526 vel
661 1474 822 1546 tanquam
839 1485 860 1527 a
870 1485 974 1527 causa
985 1466 1219 1546 principaliter

254 1582 427 1640 causante,
453 1573 509 1634 vel
533 1573 621 1634 sicut
638 1591 658 1633 a
674 1591 778 1634 causa
793 1574 975 1634 meritoria.
994 1607 1035 1616 -
1053 1571 1118 1634 Est
1133 1592 1219 1654 ergo

248 1682 360 1756 primo
390 1679 559 1746 Conclusio,
589 1681 681 1759 quod
710 1675 930 1741 Sacramenta
953 1679 1081 1740 habent
1111 1677 1220 1740 effica-

255 1787 343 1845 ciam
368 1805 388 1846 a
411 1785 486 1846 solo
509 1785 594 1855 Deo,
620 1787 710 1847 sicut
732 1805 752 1846 a
776 1805 880 1847 causa
894 1786 1130 1866 principaliter
1144 1805 1221 1847 cau·

255 1901 363 1953 sante.
404 1892 546 1952 Secundo
589 1894 750 1954 Conclusio
783 1902 837 1954 est
871 1893 963 1973 quod
997 1890 1220 1954 Sacramenta

255 1998 383 2060 habent
410 1997 592 2060 efficaciam
607 2019 626 2060 a
641 2001 802 2080 passione
819 1998 957 2068 Christi,
975 2001 1063 2062 sicut
1080 2018 1101 2060 a
1116 2017 1220 2060 causa

255 2108 439 2167 meritoria.

347 2247 501 2312 Prima
526 2220 746 2313 'Goioolnooo
761 2248 925 2329 probatur
942 2248 1132 2330 dupliciter.
1148 2248 1220 2308 Pri-

256 2376 306 2413 mo
330 2356 393 2415 sic:
420 2352 581 2417 Efficacia
604 2352 902 2417 Sacramentorum
928 2374 996 2416 non
1012 2363 1127 2435 potest
1143 2374 1219 2415 esse

257 2460 299 2521 ab
324 2461 439 2541 aliqua
463 2459 613 2523 inferiori
638 2480 742 2523 causa
766 2462 966 2523 instituente
1000 2463 1125 2541 ipsam;
1158 2458 1220 2523 sed

257 2568 352 2628 solus
369 2567 465 2629 Deus
482 2569 629 2630 instituit
645 2565 877 2637 Sacramenta,
894 2577 932 2629 ut
946 2577 1041 2649 patet
1057 2586 1103 2629 ex
1118 2569 1220 2629 tertia
1293 2639 1294 2650 χ

254 2673 474 2735 conclusione
496 2674 723 2755 praecedentis
746 2676 959 2755 quaestionis;
984 2692 1079 2755 ergo.

346 2780 486 2840 Secundo
510 2782 572 2841 sic:
613 2781 709 2842 solus
742 2779 839 2842 Deus
873 2782 1078 2843 determinat
1108 2799 1146 2841 se
1176 2780 1219 2840 ad

257 2886 467 2948 causandum
503 2884 661 2949 effectum
695 2889 882 2968 proprium,
914 2887 999 2948 alias
1022 2886 1120 2949 Deus
1151 2906 1218 2949 non
1292 2917 1293 2932 2

257 3004 348 3055 esset
370 2995 482 3073 prima
504 3012 617 3064 causa,
643 2995 671 3055 si
696 3003 814 3074 posset
831 2993 968 3056 aliunde
984 2994 1218 3062 determinari:

256 3100 318 3161 sed
341 3097 482 3162 effectus
505 3102 632 3182 signati
658 3120 719 3181 per
742 3098 964 3163 Sacramenta
986 3109 1067 3162 sunt
1089 3101 1218 3182 proprii

257 3206 320 3267 soli
346 3204 432 3279 Deo,
450 3208 531 3288 quia
546 3208 640 3269 solus
657 3206 754 3269 Deus
769 3215 883 3287 potest
899 3225 1040 3268 causare
1055 3210 1218 3289 gratiam

257 3314 365 3394 igitur
388 3331 409 3374 a
432 3314 506 3374 solo
530 3312 606 3374 Deo
630 3310 852 3376 Sacramenta
880 3313 1008 3375 habent
1023 3310 1220 3383 efficaciam,

257 3421 346 3481 sicut
369 3438 473 3482 causa
495 3421 729 3502 principaliter
752 3429 877 3502 agente
900 3430 935 3482 et
957 3430 1131 3482 causante.

351 3525 466 3586 Contra
491 3528 583 3586 z'slom
612 3526 844 3587 conclusionem
861 3527 1008 3589 instatur
1027 3526 1220 3608 dupliciter.
1289 3559 1290 3598 ,

257 3631 369 3691 Promo
386 3633 449 3693 sic:
474 3629 615 3694 effectus
632 3652 701 3695 non
717 3634 905 3714 adaequans
920 3633 1085 3695 virtutem
1105 3652 1221 3696 causae
