2600 4200
244 242 525 311 D1sr1ucr.XX
540 258 588 311 ar
600 242 695 309 XXI
712 241 863 329 Quasi.
876 241 930 309 I·II
1004 264 1066 327 ²39

131 438 241 501 natur,
265 438 299 491 et
323 429 482 490 omnibus
504 428 626 489 diebus
649 428 733 489 vitae
749 446 822 489 suae
838 426 1089 509 ignominiosus

131 545 338 617 permaneat.

220 749 286 813 De
308 753 465 828 quarta
492 747 774 824 Omwluoirme,
806 756 940 829 oportet
973 746 1090 807 videre

132 858 207 928 tria,
231 858 311 935 quis,
339 856 463 935 quando
485 864 520 917 et
542 856 596 915 cui
616 862 753 917 tenetur
774 864 941 917 secretum
970 854 1089 915 celare.

132 962 186 1023 De
202 965 311 1041 prim
334 962 464 1025 scilicet
487 965 567 1042 quis
596 962 672 1023 dico
696 962 788 1043 quod
804 981 872 1023 non
889 961 999 1022 solum
1015 979 1092 1021 con-

132 1066 251 1140 fessor,
275 1070 337 1131 sed
351 1080 386 1130 et
409 1070 440 1129 is
451 1070 505 1129 cui
522 1067 853 1138 confessoruevelat,
871 1067 951 1129 licet
963 1066 1090 1137 illicite,

132 1184 267 1236 tenetur
289 1175 408 1247 celare,
433 1176 514 1255 quia
538 1173 746 1236 transferens
770 1174 901 1255 aliquid
924 1176 959 1235 in
987 1174 1090 1236 alium

132 1282 175 1344 de
198 1280 288 1343 facto
310 1301 380 1343 non
403 1281 482 1362 plus
489 1283 577 1363 juris
594 1282 659 1343 sibi
673 1281 731 1343 dat
747 1300 850 1362 quam
867 1283 941 1361 ipse
953 1281 1090 1353 habeat;

132 1388 194 1450 sed
216 1386 391 1450 confessor
413 1388 569 1450 revelans
592 1408 660 1450 non
685 1388 851 1469 habetjus
868 1386 1091 1449 transferendi

133 1494 276 1557 illudio
300 1495 419 1567 alium;
452 1514 537 1577 ergo
559 1496 589 1557 si
614 1496 656 1557 de
689 1493 778 1557 facto
812 1492 1003 1564 transferat,
1035 1493 1092 1555 ille

132 1602 312 1664 aliusnon
336 1602 475 1664 habebit
494 1603 551 1682 jus
577 1600 812 1664 transferendi,
838 1638 879 1645 —
904 1601 991 1663 Item
1015 1600 1092 1662 dico

133 1708 175 1771 de
213 1709 273 1771 illo
312 1710 371 1789 qui
410 1709 542 1771 audivit
580 1707 830 1771 confessionem
874 1708 993 1770 dolose
1036 1707 1093 1769 vel

133 1816 303 1878 invidiose
326 1814 388 1877 vel·
406 1817 597 1879 causaliter.
622 1814 692 1878 Sed
730 1817 861 1895 quando,
890 1816 966 1877 dico
1001 1815 1093 1895 quod

134 1942 282 2004 semper,
332 1924 414 2004 quia
457 1932 509 1985 est
551 1932 761 2004 praeceptum
801 1924 1019 2005 negativum,
1057 1929 1093 1983 et

134 2049 202 2092 non
235 2031 350 2092 minus
384 2040 464 2112 post
497 2039 641 2092 mortem
681 2048 783 2112 quam
821 2040 901 2091 ante
934 2038 1091 2099 mortem,

134 2140 215 2219 quia
244 2139 374 2201 eaedem
406 2140 555 2201 rationes
586 2157 666 2219 quae
697 2146 778 2200 sunt
810 2157 872 2220 pro
911 2139 1021 2218 prima
1059 2146 1094 2199 et

134 2246 283 2309 secunda
306 2244 533 2308 Conclusione
556 2254 702 2326 possunt
725 2263 801 2306 esse
813 2264 875 2325 pro
887 2245 962 2306 ista.
981 2281 1022 2290 -
1039 2243 1094 2306 De

135 2355 232 2421 tertio,
259 2352 391 2415 scilicet
413 2355 473 2422 cui,
502 2352 627 2415 dieitur
649 2352 742 2433 quod
768 2352 908 2414 cuilibet
939 2361 1094 2413 teneatur

134 2459 243 2522 celare
265 2471 442 2540 peccatum
466 2468 634 2521 secretum
666 2461 732 2521 nisi
768 2459 934 2539 superiori
968 2459 1022 2519 cui
1058 2459 1093 2519 in

134 2585 215 2628 casu
238 2576 352 2648 potest
375 2567 528 2629 revelari.
546 2565 616 2630 Sed
627 2567 764 2628 videtur
779 2567 995 2636 contrarium,
1013 2567 1094 2646 quia

134 2675 283 2736 rationes
306 2675 465 2755 superius
488 2673 589 2736 factae
611 2673 820 2736 concludunt
850 2674 892 2736 de
927 2675 1092 2754 superiori

135 2783 225 2843 sieut
246 2782 288 2843 de
312 2780 473 2853 inferiori,
498 2782 575 2844 ideo
599 2780 685 2843 illud
709 2800 777 2844 non
800 2800 926 2851 assero,
955 2780 1016 2842 sed
1031 2798 1093 2860 pro

135 2907 225 2951 nunc
249 2907 453 2968 suspensum
477 2889 641 2970 relinquo.

224 3101 287 3163 Ao
308 3114 583 3164 Aneuuaurun
607 3105 641 3162 in
668 3103 861 3163 contram'um
895 3101 972 3163 dieo
1002 3100 1095 3182 quod

134 3218 311 3289 peccatum
334 3206 528 3271 confessum
553 3209 675 3271 debere
692 3209 793 3272 celari
810 3229 878 3271 non
895 3217 1028 3270 tanturn
1040 3217 1093 3270 est

130 3317 188 3397 jus
211 3315 406 3378 confitentis
430 3316 491 3377 sed
510 3317 567 3398 jus
590 3317 855 3388 communitatis,
880 3317 962 3396 quia
977 3335 1022 3377 ex
1038 3333 1095 3395 op-

135 3425 258 3504 posito,
282 3423 414 3485 scilicet
436 3442 483 3486 ex
497 3421 706 3485 revelatione
723 3433 921 3503 sequeretur
933 3424 1095 3484 continua

134 3532 345 3611 perturbatio
369 3531 404 3592 in
428 3533 680 3601 communitate,
705 3533 786 3611 quia
809 3540 926 3611 posset
952 3529 1096 3610 quilibet

135 3641 265 3720 passim
290 3648 447 3720 reputare
470 3639 575 3701 alium
599 3637 872 3701 abominabilem.
