2600 4200
393 181 582 244 Dis‘rmc'r.
609 180 664 242 XI
689 180 840 261 QuAEsr.
867 181 883 241 l
1034 201 1091 262 145

154 361 318 440 probatur
342 361 405 420 sic:
431 360 528 420 Nihil
551 369 665 439 potest
689 363 838 440 incipere
855 379 930 421 esse
946 361 1003 421 ubi
1021 363 1117 440 prius

155 486 222 528 non
247 465 311 527 luit
335 467 401 526 nisi
426 485 487 546 per
510 468 563 527 sui
588 469 812 528 mutationem
836 466 892 526 vel
916 467 1058 528 alterius
1081 469 1116 528 in

153 574 280 653 ipsum;
306 573 367 634 sed
390 571 525 652 Corpus
547 571 675 635 Christi
700 592 768 634 non
793 583 944 634 mutatur
967 593 1028 653 per
1051 574 1116 635 hoc

153 681 245 760 quod
262 681 296 741 in
310 677 527 741 Eucharistia
542 678 731 749 conficitur,
749 682 830 760 quia
844 690 959 742 manet
976 681 1010 741 in
1027 681 1116 742 coelo

153 789 242 848 sicut
266 789 374 867 prius;
400 805 484 868 ergo
509 787 537 846 si
563 787 648 847 nihil
673 796 892 848 convertatur
916 788 950 847 in
992 789 1115 866 ipsum,

152 901 234 954 tunc
258 891 416 954 Christus
441 911 508 954 non
525 894 638 972 magis
655 895 758 954 estin
775 892 872 954 altari
890 912 992 972 quam
1009 895 1115 972 prius,

152 1000 245 1080 quod
269 1010 322 1060 est
346 999 568 1079 impossibile.
896 1063 900 1068 ,

250 1107 397 1172 Tertium,
427 1106 557 1167 seilicet
581 1105 673 1186 quod
697 1108 742 1166 sit
764 1107 919 1187 heretico,
952 1107 1116 1187 probatur

151 1214 210 1283 sic,
235 1215 317 1292 quia
339 1223 391 1274 est
415 1223 533 1274 contra
561 1214 703 1274 verbum
738 1212 864 1274 Christi
901 1214 1114 1275 instituentis

152 1320 265 1379 oratii.
290 1325 362 1379 ao:
388 1319 464 1380 Hoc
488 1329 550 1388 est,
576 1321 696 1400 inquit,
729 1338 853 1400 corpus
887 1338 1010 1380 meum.
1036 1319 1115 1380 Non

150 1426 255 1488 dixit:
281 1427 343 1486 Hic
367 1436 419 1488 est
442 1445 566 1506 corpus
590 1446 714 1496 meum,
740 1428 800 1487 sed
832 1427 886 1485 lzoc
915 1436 967 1487 est
991 1445 1116 1506 corpus

150 1552 274 1594 meum.
301 1533 337 1595 Si
364 1543 476 1595 autem
513 1534 706 1595 substantia
739 1536 839 1614 panis
875 1544 1028 1596 maneret
1059 1533 1115 1594 vel

151 1640 398 1701 annihilaretur
421 1650 455 1701 et
479 1659 546 1701 non
582 1650 847 1710 converteretur,
882 1642 998 1701 verius
1030 1642 1116 1701 dice·

150 1755 245 1807 retur
268 1747 323 1807 hic
347 1756 399 1808 est
422 1766 547 1826 corpus
571 1766 695 1815 mcum,
720 1767 822 1828 quam
839 1748 904 1808 hoc
921 1756 973 1807 est
989 1766 1115 1827 corpus

150 1872 273 1914 meum.

244 1961 358 2020 Contra
382 1961 546 2020 secundom
570 1963 744 2038 opinionem
770 1971 884 2040 potest
922 1962 1020 2042 argui
1054 1980 1115 2040 per

150 2075 354 2149 argumenta
378 2068 572 2129 immediate
596 2065 695 2137 lacta,
713 2078 748 2129 et
764 2069 865 2128 etiam
883 2076 996 2147 potest
1013 2069 1112 2149 argui

150 2175 344 2253 specialiter
367 2184 485 2236 contra
508 2176 572 2235 hoc
596 2175 689 2256 quod
713 2175 810 2255 ponit
821 2174 1065 2236 resolutionem
1078 2176 1112 2235 in

149 2282 326 2342 materiam
350 2282 450 2361 panis
473 2283 724 2361 praejacentem,
750 2281 805 2342 vel
830 2283 863 2341 in
891 2280 1008 2349 nihilo,
1033 2283 1115 2361 quia

150 2386 205 2448 vel
229 2386 325 2448 fieret
351 2389 384 2448 in
410 2390 585 2448 materiam
612 2388 748 2456 nudam,
775 2397 809 2449 et
833 2387 897 2447 hoc
922 2397 974 2448 est
991 2389 1115 2466 impos·

149 2494 258 2563 sibile,
284 2496 365 2573 quia
387 2504 469 2555 tunc
492 2503 583 2555 esset
606 2495 749 2554 materia
773 2494 846 2554 sine
870 2492 988 2561 forma,
1021 2494 1113 2574 quod

149 2602 215 2679 ipsi
241 2610 383 2681 negant;
410 2600 466 2661 vel
488 2599 584 2661 fieret
609 2602 643 2661 in
668 2576 844 2661 materiam
870 2601 933 2661 sub
958 2600 1025 2661 alia
1049 2598 1114 2661 lor·

149 2726 215 2776 ma,
240 2707 301 2768 sed
324 2708 389 2768 hoe
413 2718 465 2769 est
489 2708 744 2777 inconveniens,
770 2709 852 2786 quia
864 2706 919 2767 vel
937 2708 1026 2767 idem
1044 2726 1114 2768 cor-

148 2832 214 2893 pus
238 2813 331 2875 aliud
356 2832 481 2875 novum
507 2825 597 2875 esset
622 2813 724 2874 simul
759 2832 836 2874 cum
868 2813 1048 2892 speciebus
1079 2823 1113 2874 et

149 2918 299 2999 Corpore
323 2918 461 2989 Christi,
486 2932 520 2982 et
544 2931 624 2982 tunc
649 2921 716 2981 duo
747 2939 890 2999 corpora
924 2930 1040 2981 essent
1071 2921 1114 2980 si·

147 3027 234 3098 mul;
260 3027 315 3087 vel
339 3038 528 3089 mutaretur
552 3028 593 3087 de
618 3027 694 3088 loco
719 3028 762 3088 ad
785 3027 908 3097 locum,
937 3028 1030 3106 quod
1060 3037 1112 3088 est

148 3135 403 3203 inconveniens,
429 3136 510 3214 quia
535 3134 592 3195 ille
616 3144 731 3195 motus
755 3133 875 3194 localis
898 3144 1013 3213 potest
1040 3153 1113 3213 pcr-

146 3241 214 3320 cipi
251 3259 311 3320 per
349 3241 583 3301 exclusionem
623 3241 777 3320 corporis
808 3240 949 3302 alterius
973 3242 1113 3301 circum·

148 3348 281 3407 stantis.

240 3453 406 3531 Quidquid
425 3462 528 3513 autem
552 3456 594 3512 sii
615 3453 658 3512 de
682 3450 831 3513 efficacia
857 3454 998 3513 istarum
1013 3455 1113 3513 ratio

147 3578 240 3630 num,
266 3559 393 3621 clarum
419 3570 471 3621 est
495 3561 587 3639 quod
612 3559 681 3620 illae
707 3560 784 3620 duae
819 3560 999 3638 opiniones
1031 3570 1111 3620 sunt
