2600 4200
211 238 394 302 Drsrmcr.
420 239 504 301 XIX
525 248 558 300 et
582 237 647 300 XX
674 237 821 319 Qunsr.
846 239 876 301 11
973 249 1031 317 153

165 457 192 502 2.
214 443 380 518 Praeterea,
398 465 504 526 genus
520 444 704 507 humanum
722 451 888 526 reparatur
905 465 965 526 per
978 443 1057 506 illud

109 542 215 628 inquo
246 552 353 614 nullus
388 551 557 628 laudatur;
592 551 649 614 sed
685 551 717 614 in
753 550 956 632 passionibus
991 571 1057 614 non

110 651 259 720 laudamur
280 680 324 721 ex
345 677 378 721 2.
404 657 541 732 Etnic.,·
565 679 656 740 erge).

163 761 199 823 ln
219 765 422 828 contrarium
445 773 495 826 est
517 764 697 827 Anselmus
709 783 739 826 2.
770 761 837 828 Cur
850 763 941 826 Dens
964 761 1057 826 homo

111 866 154 927 ubi
173 889 320 952 expresse
343 871 421 934 dicit
443 872 535 952 quod
569 890 674 954 genus
710 871 892 932 humanum
928 890 1057 932 necesse

111 969 158 1035 fuit
176 997 228 1056 per
249 979 436 1060 passionem
461 977 579 1043 Christi
604 977 728 1039 redimi.
751 978 832 1040 Item
857 997 953 1058 super
977 977 1056 1039 illud

110 1081 148 1139 ad
164 1083 311 1148 Hebrceos
331 1104 364 1147 2.
388 1087 510 1166 glossa:
535 1085 719 1147 Auctorem
733 1085 844 1146 salutis
867 1104 982 1146 eorum
999 1104 1056 1166 per

110 1189 269 1264 passionem
295 1212 524 1254 consummare
547 1191 634 1265 dicit,
667 1191 757 1273 quod
794 1190 851 1253 nisi
878 1200 1056 1253 moreretur

111 1290 245 1372 Christus,
271 1298 373 1361 homo
397 1319 463 1361 non
488 1298 709 1360 redimeretur.

164 1403 392 1470 Rnsrounno.
417 1406 454 1467 In
478 1405 538 1466 ista
560 1381 842 1486 quaestione'sunt
874 1405 940 1466 duo
965 1404 1056 1468 Arti-

108 1506 160 1568 culi
179 1512 356 1573 secundum
378 1513 463 1574 duos
487 1512 603 1574 modos
627 1511 765 1574 dicendi.

161 1722 344 1789 Primus
376 1725 536 1789 modus
570 1732 617 1786 est
654 1724 805 1786 Anselmi
838 1723 868 1784 in
905 1724 958 1787 lib.
988 1721 1057 1788 Cur

108 1824 183 1890 Dens
202 1829 303 1910 homo,
327 1832 384 1912 qui
407 1831 500 1912 ponit
520 1839 661 1911 quatuor
677 1829 908 1892 conclusiones.
938 1831 1056 1894 Prima

107 1935 182 2011 quod
204 1958 332 2000 necesse
354 1937 416 1999 suit
450 1937 617 1999 hominem
642 1937 766 2000 redimi.
793 1935 942 1998 Secunda
966 1938 1055 2019 quod

108 2057 162 2100 non
182 2045 286 2125 potuit
301 2044 414 2107 redimi
439 2045 507 2107 sine
526 2041 752 2106 satisfactione.
776 2042 884 2106 Tertia
901 2045 1055 2125 estquod

106 2142 156 2208 is‘n
176 2151 346 2213 satisfactio
371 2172 437 2213 non
458 2152 565 2232 potuit
588 2150 656 2213 fieri
677 2172 734 2233 per
751 2170 870 2231 purum
889 2150 1055 2213 hominem

107 2254 148 2313 vel
169 2277 222 2336 per
243 2279 359 2340 puram
384 2267 575 2321 creaturam.
605 2257 734 2333 Quarta
769 2258 934 2320 conclusio
965 2260 1055 2340 quod

106 2365 303 2427 necessarium
328 2364 388 2427 fuit
411 2364 505 2427 istam
530 2364 783 2427 satisfactionem
801 2363 868 2425 fieri
885 2386 942 2447 per
966 2365 1056 2428 Chri-

106 2475 181 2530 stum
202 2472 256 2552 qui
279 2480 328 2533 est
352 2473 444 2534 Deus
466 2480 500 2532 et
523 2471 634 2533 homo,

161 2571 338 2645 Primum
372 2576 652 2645 conclusionem
677 2578 794 2658 probat
830 2578 892 2639 sic:
930 2576 1053 2641 Sinon

104 2676 156 2742 fuit
176 2704 299 2747 necesse
323 2685 490 2747 hominem
516 2684 647 2761 redimi;
675 2705 755 2765 ergo
794 2684 894 2747 homo
929 2696 1056 2749 creatus

104 2782 156 2847 fuit
166 2787 285 2864 frustra,
298 2792 390 2873 quod
405 2801 454 2854 est
470 2791 709 2853 inconveniens
734 2788 965 2872 Consequentia
982 2814 1057 2873 pro-

104 2888 187 2956 batur
207 2898 282 2979 quia
306 2898 559 2960 homocreatus
582 2908 630 2960 est
654 2898 696 2959 ad
721 2898 922 2961 laudandum
944 2901 1053 2961 Deum

104 3006 134 3059 et
152 3002 345 3085 diligendum
369 3013 401 3066 et
423 3005 521 3067 etiam
543 3005 585 3067 ad
601 3003 777 3067 fruendum
794 3005 865 3085 ipso
882 3006 963 3067 Deo,
982 3006 1056 3069 Aut

104 3122 172 3187 ergo
193 3109 281 3173 Deus
303 3110 437 3173 deducit
471 3111 638 3173 hominem
675 3111 716 3173 ad
754 3110 841 3173 hunc
865 3110 973 3187 finem,
998 3123 1057 3175 aut

105 3229 170 3274 non.
192 3214 224 3279 Si
246 3238 323 3292 non,
346 3238 427 3300 ergo
450 3216 568 3279 frustra
591 3226 718 3279 creatus
741 3227 789 3279 est
814 3218 924 3299 homo;
951 3220 974 3281 si
999 3220 1053 3293 sic,

104 3335 171 3381 curn
188 3322 253 3402 jam
287 3324 399 3406 lapsus
432 3333 501 3386 erat
535 3344 592 3406 per
628 3333 810 3406 peccatum,
836 3346 964 3388 necesse
995 3325 1055 3389 luit

105 3421 198 3503 ipsum
220 3431 343 3493 redimi.

162 3529 369 3605 Secundam
392 3534 674 3605 conclusionem
699 3538 815 3619 probat
832 3538 893 3601 sic:
911 3539 1055 3620 Injustus

105 3645 148 3697 est
166 3644 264 3707 omnis
283 3644 391 3707 homo
414 3642 471 3725 qui
495 3664 561 3707 non
585 3644 691 3707 reddit
720 3644 792 3707 Deo
824 3646 914 3726 quod
939 3647 1054 3723 debet;
