2600 4200
407 233 596 296 Drsrrn'cr.
622 231 659 294 X
684 233 836 314 Quasi.
862 233 877 294 Ι
1045 253 1103 313 127

168 413 322 473 esuriret.
348 409 478 472 Eodem
503 412 605 472 modo
629 412 672 473 de
687 415 821 473 sarzilate
843 421 877 474 et
894 413 1079 486 infirmitate
1094 421 1129 474 et

168 523 266 578 morte
288 527 322 580 et
345 520 418 585 vita.
448 519 529 599 quia
562 521 591 579 si
621 520 739 582 dicunt
774 519 904 600 aliquid
932 518 1127 582 absolutum

169 643 236 686 non
261 626 438 686 variantur
460 625 504 686 ad
528 627 754 687 variationem
782 627 993 709 posterioris,
1028 637 1063 688 et
1097 627 1126 688 si

168 731 223 792 hic
251 729 442 793 infirmatur
464 731 546 794 alibi
571 730 772 802 infirmatur,
797 742 832 794 et
855 734 883 794 si
901 732 957 794 hic
973 735 1127 802 moritur,

168 837 249 899 alibi
274 839 418 900 moritur

258 945 314 1005 Ad
332 946 425 1004 aliud
443 944 519 1007 dico
535 946 628 1025 quod
640 965 708 1007 non
725 954 860 1027 oportet
876 945 1023 1006 locatum
1040 964 1129 1006 com·

168 1053 358 1112 mensurari
393 1052 665 1114 dimensionibus
700 1052 765 1114 loci
800 1052 987 1115 secundum
1022 1071 1129 1115 unum

168 1167 203 1218 et
226 1158 344 1226 multa,
369 1159 457 1219 sicut
481 1177 542 1219 nec
567 1158 610 1219 ad
633 1158 953 1239 multiplicationem
966 1161 1130 1239 posterio

168 1265 216 1325 ris
240 1266 395 1346 sequitur
418 1265 659 1345 multiplicatio
681 1267 816 1346 prioris,
833 1266 984 1328 maxime
1004 1266 1047 1328 de
1062 1285 1130 1328 res-

168 1381 270 1452 pectu
294 1372 509 1432 extrinsecus
532 1371 746 1433 adveniente.

257 1478 313 1538 Ad
332 1479 424 1538 aliud
444 1477 520 1540 dico
547 1479 640 1558 quod
674 1480 809 1543 termini
846 1479 948 1542 unius
981 1489 1129 1560 possunt

169 1584 317 1666 intelligi
358 1584 459 1646 simul
484 1604 561 1648 esse
594 1603 673 1646 curn
708 1587 863 1647 terminis
897 1585 1048 1656 alterius,
1072 1587 1128 1648 vel

168 1691 343 1752 simultate
366 1693 511 1772 praecisa
534 1701 568 1752 et
591 1692 779 1773 adaequata.
812 1691 868 1753 vel
891 1711 961 1754 non
984 1695 1130 1773 praecisa

168 1815 231 1860 nec
255 1797 444 1878 adaequata.
470 1795 507 1860 Si
531 1799 643 1878 primo
666 1799 769 1860 modo
792 1798 1006 1880 intelligatur
1029 1800 1072 1861 de
1088 1801 1130 1861 si·

168 1903 311 1966 multate
335 1904 525 1984 adaequata,
549 1905 626 1966 dico
650 1904 743 1985 quod
766 1907 869 1983 major
890 1914 944 1966 est
980 1925 1062 1967 vera
1095 1915 1130 1968 et

168 2012 271 2072 etiam
295 2014 408 2072 minor.
434 2009 471 2074 Si
496 2020 609 2072 autem
634 2011 848 2093 intelligatur
879 2011 921 2072 de
955 2011 1130 2074 simultate

169 2137 237 2179 non
262 2118 448 2198 adaequata‚
474 2122 580 2179 minor
601 2128 654 2181 est
677 2116 774 2188 falsa,
795 2122 876 2200 quia
898 2138 967 2180 non
991 2128 1127 2200 oportet

169 2224 255 2286 illud
278 2225 370 2305 quod
393 2236 446 2287 est
469 2234 568 2287 extra
591 2227 756 2287 terminos
783 2228 885 2288 unius
920 2244 996 2287 esse
1030 2236 1130 2287 extra

169 2334 334 2393 terminos
358 2332 508 2393 alterius.

258 2438 314 2498 Ad
333 2440 425 2498 aliud
443 2440 520 2500 dico
544 2439 636 2519 quod
661 2439 746 2500 illud
773 2438 886 2501 simile
921 2458 988 2499 non
1023 2448 1127 2507 tenet,

169 2546 251 2625 quia
273 2554 395 2605 natura
418 2564 486 2606 una
509 2555 561 2605 est
585 2565 668 2606 vera
702 2555 736 2606 et
770 2544 924 2607 formalis
958 2546 1046 2607 ratio
1080 2564 1130 2606 es

169 2652 266 2713 sendi
290 2670 359 2713 una
382 2654 515 2731 specie;
541 2652 601 2713 sed
625 2652 793 2713 dimensio
818 2669 886 2713 non
907 2661 959 2714 est
976 2650 1130 2713 formalis

169 2760 256 2819 ratio
280 2759 414 2819 essendi
447 2761 481 2819 in
516 2758 602 2828 loc0,
627 2759 689 2819 sed
723 2768 855 2820 tantum
890 2760 977 2820 ratio
1012 2756 1131 2819 funda-

169 2865 337 2927 mentalis.
363 2864 428 2925 Illa
451 2876 564 2926 autem
588 2874 703 2945 potest
726 2884 802 2926 esse
834 2886 911 2935 una,
936 2866 1015 2927 licet
1040 2866 1130 2926 simi·

169 2971 332 3033 litudines
356 2973 424 3033 sint
448 2972 603 3033 diversae.

259 3080 314 3138 Ad
333 3078 425 3137 aliud
444 3078 521 3139 dico
545 3078 636 3159 quod
661 3080 688 3139 si
714 3088 829 3140 manet
856 3080 890 3139 in
925 3079 1044 3139 eodem
1077 3080 1132 3138 ubi

169 3187 204 3245 in
229 3204 297 3265 quo
320 3186 416 3265 prius
439 3193 521 3253 erat,
557 3195 671 3264 potest
705 3187 879 3265 acquirere
914 3202 1041 3246 novum
1077 3186 1132 3244 ubi

169 3292 270 3353 unica
292 3292 480 3352 mutatione
505 3292 560 3351 vel
591 3292 724 3354 duabus
758 3292 1014 3353 mutationibus
1051 3293 1128 3351 Cum

168 3398 262 3458 dicis:
286 3409 347 3459 aut
369 3397 438 3459 illae
463 3401 670 3459 mutationes
694 3407 775 3459 sunt
808 3398 959 3478 ejusdem
991 3400 1128 3479 speciei,

169 3515 229 3566 aut
252 3524 334 3576 non;
360 3505 436 3565 dico
460 3504 552 3584 quod
576 3514 690 3585 potest
713 3504 852 3566 concedi
878 3514 1059 3585 utrunque.
1088 3506 1132 3565 El

168 3632 238 3671 cum
262 3614 391 3689 arguis:
416 3613 493 3673 duae
518 3614 725 3673 mutationes
749 3631 817 3673 non
841 3621 921 3673 sunt
956 3612 1058 3673 simul
1094 3614 1128 3673 in
1217 3648 1226 3665 ·
