2600 4200
329 221 518 284 D1sr1uca.
544 220 578 283 ΙΙ
603 220 788 302 QUAEsno
812 222 848 284 11
1006 243 1046 302 35

99 420 170 462 non
196 399 264 462 tuit
287 401 532 462 inconveniens
544 401 637 480 quod
649 400 909 463 instituerentur
934 403 1010 483 ipso
1022 402 1072 462 vi-

100 516 216 577 vente,
242 508 324 587 quia
346 518 444 569 erant
467 508 625 568 instituta
647 516 818 588 protunc,
837 508 1072 588 sedprotem·

100 633 186 694 pore
225 623 306 693 post
340 623 483 676 mortem
518 613 712 676 habuerunt
745 615 970 695 principalem
1003 613 1072 676 effi·

49 750 51 760 ·
100 723 242 782 caciam.
1057 804 1062 812 ι

193 829 250 888 Ad
270 829 396 888 tertium
420 829 545 890 dicitur
568 828 661 908 quod
685 830 714 889 si
739 827 825 890 illud
849 829 976 890 vulnus
1005 827 1070 890 luit

103 932 271 996 inflictum
296 933 432 996 Christo
456 943 535 1015 post
558 944 714 1004 mortem,
743 946 782 996 ut
810 946 925 997 narrat
958 933 1072 998 Evan-

102 1041 246 1123 gelium,
271 1049 352 1102 tunc
376 1039 598 1104 Sacramenta
625 1060 693 1102 non
728 1039 904 1104 fluxerunt
934 1041 977 1102 ab
1010 1041 1071 1104 illo

102 1157 267 1228 tanquam
292 1167 312 1208 a
335 1166 437 1209 causa
468 1147 704 1228 principaliter
737 1148 921 1217 meritoria,
954 1159 1070 1209 tamen

101 1255 265 1317 dicuntur
288 1254 366 1316 inde
389 1253 625 1336 principaliter
646 1251 791 1316 fluxisse
814 1263 955 1336 propter
965 1274 1072 1336 quan·

101 1363 181 1422 dam
206 1360 467 1423 similitudinem
491 1379 692 1442 expressam
715 1380 844 1452 eorum,
877 1380 956 1444 quae
988 1343 1070 1424 inde

100 1466 279 1533 fluxerunt
303 1467 347 1529 ad
370 1467 556 1548 sensibilia,
582 1477 764 1549 quaesunt
792 1469 827 1529 in
862 1469 1068 1549 quibusdam

100 1571 345 1636 Sacramentis.
372 1571 526 1656 Sanguis
549 1575 640 1636 enim
658 1574 848 1656 spiritualis
860 1576 1072 1637 assimilatur

100 1681 229 1762 speciei
255 1681 320 1742 sub
344 1699 412 1761 qua
438 1691 492 1742 est
526 1683 671 1763 sanguis
705 1683 740 1743 in
776 1679 1004 1751 Eucharistia,
1036 1691 1071 1743 et

100 1807 192 1868 aqua
231 1787 423 1869 spiritualis
457 1787 668 1849 assimilatur
706 1789 857 1849 materiae
895 1788 1069 1868 baptismi,

99 1913 180 1976 quae
203 1893 273 1956 duo
297 1902 378 1956 sunt
402 1893 605 1974 principalia
628 1891 860 1956 Sacramenta.
885 1893 932 1956 Et
948 1895 1006 1957 ille
1022 1897 1072 1956 in-

98 2001 262 2066 tellectus
285 2009 400 2082 potest
422 2000 539 2062 haberi
564 2001 681 2062 Extra.
705 2002 743 2061 de
761 2001 963 2061 celebratione
992 2001 1073 2061 cna-

98 2129 223 2176 sarum,
252 2119 287 2169 m
301 2109 383 2189 fine,
412 2108 469 2170 ubi
495 2108 619 2170 dicitur
642 2108 736 2189 quod
760 2110 795 2170 in
820 2108 889 2170 illis
923 2109 1070 2179 duobus,

98 2216 237 2278 scilicet
267 2234 357 2296 aqua
390 2224 424 2277 et
459 2196 628 2297 sanguine
663 2216 732 2277 duo
765 2218 919 2277 maxima
953 2214 1072 2277 Sacra-

97 2332 220 2385 menta
243 2322 488 2403 redemptionis
511 2333 546 2383 et
568 2324 841 2403 regenerationis
857 2323 1020 2384 relucent.

194 2516 256 2577 Au
279 2529 553 2578 uacua-tantun
578 2530 818 2587 curamenta,
844 2535 922 2579 cum
945 2518 1071 2579 dicitur

95 2622 198 2706 quod¹
220 2642 324 2685 causa
347 2626 382 2685 in
406 2633 494 2693 actu,
519 2632 594 2693 etc,
627 2623 826 2685 conceditur
856 2626 976 2701 major:
1009 2626 1072 2685 sed

93 2749 181 2794 curn
207 2730 356 2793 additur:
380 2732 497 2811 passio
520 2728 647 2793 Christi
673 2750 742 2793 non
766 2740 819 2791 est
843 2732 878 2791 in
902 2733 1072 2801 actu,dico

93 2836 196 2921 quod
220 2837 300 2899 licet
324 2858 392 2900 non
417 2839 462 2899 sit
486 2840 521 2900 in
545 2848 624 2900 actu
648 2841 682 2898 in
710 2837 828 2917 effectu,
868 2847 921 2899 est
954 2847 1069 2901 tamon

92 2950 130 3009 in
160 2954 242 3007 actu
266 2946 299 3003 in
323 2946 527 3023 acceptatione
550 2945 668 3012 diuina,
697 2954 732 3006 et
747 2946 812 3006 hoc
829 2943 954 3006 sufficit
970 2957 1008 3006 ut
1024 2949 1071 3007 sit

91 3070 207 3115 causa
223 3052 406 3113 meritoria.
433 3048 531 3113 Sicut
554 3053 658 3113 etiam
675 3071 739 3113 nos
754 3053 923 3132 proximis
941 3055 1070 3114 nostris

91 3160 210 3224 multa
234 3156 443 3220 conferimus
466 3168 607 3239 propter
631 3157 770 3239 aliquod
804 3159 942 3227 bonum,
977 3161 1069 3239 quod

91 3272 128 3331 in
156 3266 329 3328 memoria
351 3266 547 3327 retinemus.
