2600 4200
235 226 296 267 202
462 205 535 265 lere.
562 202 614 265 lV
640 204 946 264 Ssu'sexrmauu

306 385 431 458 Quarta
459 383 620 443 Conclusio
642 392 695 443 est
719 383 811 462 quod
836 380 895 443 illa
922 382 1097 444 distinctio
1121 392 1176 444 est

211 512 233 552 a
255 492 334 573 lege
369 491 498 570 scripta
532 490 587 551 vel
621 490 702 550 data
737 486 770 549 a'
786 499 883 569 patre
917 488 973 549 vel
1007 490 1173 569 principe.

210 596 331 671 Patet;
357 615 436 659 nam
470 608 550 677 post
573 596 741 657 diluvium
767 595 842 655 Noe
866 596 1026 657 distinxit
1050 614 1070 656 a
1091 594 1176 657 filiis

210 707 284 767 suis
307 714 431 766 terram
467 723 569 783 quam
605 702 735 784 singuli
754 698 1026 783 'occupaverunt
1048 721 1111 782 pro
1136 722 1175 765 se

209 822 245 873 et
267 810 349 874 filiis
373 813 466 884 suis;
491 810 548 871 vel
571 810 637 890 ipsi
663 810 704 871 de
728 810 899 871 communi
922 809 1103 870 concordia
1125 809 1189 870 di·=

211 921 368 980 viserunt
391 919 479 978 inter
503 936 540 977 se
563 928 682 985 terras,
708 914 948 996 sicut'legitur
984 916 1018 976 in
1044 912 1171 978 Genesi

210 1027 252 1087 de
278 1024 455 1086 Abraham
480 1034 514 1084 et
538 1022 641 1094 Loth;
668 1022 723 1084 vel
748 1022 805 1082 lex
822 1021 938 1101 aliqua
953 1023 1174 1103 promulgata

210 1144 264 1193 est
288 1153 307 1193 a
330 1140 427 1211 patre
445 1130 506 1191 'vel
531 1131 647 1210 aliquo
671 1130 779 1191 electo
795 1129 837 1189 ab
854 1130 904 1189 eis
921 1130 954 1189 in
971 1129 1171 1208 principem,

211 1240 254 1299 ab
278 1240 394 1318 aliqua
416 1239 660 1298 communitate
683 1238 737 1297 cui
751 1238 827 1316 ipsa
842 1236 1069 1297 communitas
1084 1255 1174 1297 com-

210 1348 305 1407 misit
330 1345 422 1406 illam
448 1346 695 1411 auctoritatem,
720 1361 799 1423 quae
826 1342 884 1403 lex
918 1340 983 1403 iuit
1007 1343 1062 1403 vel
1096 1360 1173 1403 esse

211 1454 323 1532 potnit
347 1452 440 1531 quod
464 1470 518 1511 res
542 1469 609 1511 non
634 1459 801 1529 occupata
828 1458 919 1510 esset
942 1450 1053 1528 primo
1076 1468 1174 1510 occu·

210 1561 335 1641 pantis‚
360 1568 395 1618 et
418 1568 499 1618 tunc
523 1558 715 1618 diviserunt
739 1576 785 1627 se,
810 1564 844 1615 et
868 1574 956 1616 unus
990 1559 1174 1636 occupavit

211 1686 314 1728 unam
339 1664 477 1746 plagam
502 1675 537 1725 et
560 1664 648 1724 alius
672 1662 784 1723 aliam.

300 1878 364 1941 De
386 1877 564 1941 secet-udo
588 1874 780 1939 Ariirmlo
796 1875 873 1936 dico
889 1874 980 1953 quod
1004 1876 1093 1936 sicut
1116 1894 1174 1935 au·
1198 1874 1201 1879 ’

211 1986 300 2048 ferre
325 1986 472 2046 alienum
498 1992 550 2044 est
573 1992 751 2063 peccatum
775 1982 928 2051 mortale,
955 1982 1003 2043 ita
1026 1982 1172 2043 retinere

212 2094 324 2156 aliena
347 2092 457 2154 invito
480 2091 620 2151 domino
643 2098 697 2150 est
731 2099 907 2168 peccatum
943 2088 1096 2150 mortale.
1118 2086 1173 2150 'Et

212 2212 295 2262 tunc
318 2209 399 2260 sunt
423 2207 569 2277 quatuor
593 2196 750 2257 videnda.
776 2194 895 2262 Primo,
924 2197 1003 2274 quis
1035 2201 1173 2255 tenetur

211 2308 400 2368 restituere.
426 2305 574 2371 Secundo,
603 2303 686 2382 quid
710 2305 845 2363 tenetur
879 2303 1067 2362 restituere.
1101 2303 1173 2361 Ter·

211 2417 262 2481 tio,
291 2414 344 2474 cui
370 2420 505 2471 tenetur
521 2411 710 2470 restituere.
732 2410 862 2482 Quarto,
884 2409 1021 2488 quando
1037 2417 1173 2470 tenetur

210 2521 400 2581 restituere.

301 2627 352 2685 De
369 2627 485 2702 primo,
514 2623 645 2684 scilicet
669 2624 740 2700 quis
763 2631 897 2683 tenetur
909 2623 1098 2691 restituere,
1115 2639 1173 2701 pa-

211 2743 261 2794 tet
284 2735 317 2793 in
343 2732 397 2793 his
421 2731 599 2792 versibus:

208 2841 335 2919 jussio,
348 2839 539 2906 consilium,
553 2855 751 2905 consensus
764 2835 877 2915 palp0,
891 2853 1049 2896 recursus

211 2947 444 3026 PartecipanS,
456 2954 583 3015 mutus,
596 2961 664 3004 non
676 2943 827 3012 obstans,
841 2961 909 3002 non
922 2939 1153 3002 manifestans

301 3053 352 3112 De
374 3053 513 3119 secundo,
542 3050 673 3111 scilicet
703 3049 782 3128 quid
813 3056 947 3109 tenetur
981 3049 1170 3118 restituere,

211 3161 288 3220 dico
313 3179 381 3239 quo
405 3178 472 3220 non
497 3158 608 3218 solum
633 3165 768 3217 tenetur
791 3155 970 3215 restituere
994 3171 1065 3214 rem
1082 3153 1172 3214 abla-

211 3277 280 3328 tam
306 3267 361 3327 vel
386 3285 484 3327 usum
509 3266 568 3334 rei,
593 3263 779 3324 sedetiam
797 3263 840 3322 ad
857 3263 1021 3324 interesse
1036 3270 1071 3322 et
1086 3258 1172 3322 fruc·
1207 3259 1211 3266 '

211 3385 284 3436 tum
309 3382 505 3453 perceptum
530 3371 572 3431 de
595 3389 632 3430 re
657 3372 685 3430 si
710 3389 764 3430 res
787 3376 879 3430 esset
902 3364 1084 3437 fructifera,
1110 3367 1170 3428 sed

211 3500 281 3542 non
304 3478 451 3540 fructum
475 3479 534 3559 qui
559 3478 719 3557 provenit
742 3495 786 3538 ex
810 3475 979 3536 industria
1001 3473 1095 3535 illius
1111 3474 1169 3552 qui

211 3589 320 3648 utitur
331 3586 390 3646 illa
407 3583 515 3646 re.Ex
528 3604 596 3664 quo
609 3584 764 3663 sequitur
776 3583 868 3662 quod
881 3581 1013 3642 lucrum
1027 3580 1172 3661 acquisi-
