2600 4200
321 278 513 341 Drsrrncr.
539 276 668 341 XXVII
684 276 843 371 ⁸Quntsr.
866 277 881 341 1
1030 290 1089 358 ¹95

140 484 321 547 amicitiam
357 483 447 566 large
481 491 592 565 potest
614 482 678 545 dici
705 482 855 557 charitas,
878 492 912 545 et
935 484 977 545 ad
1001 482 1115 547 Deum

144 600 251 672 potest
274 610 345 653 esse
368 590 522 664 amicitia,
547 590 631 653 sicut
654 588 838 673 frequenter
862 590 1002 671 legimns
1023 590 1115 671 quod

141 698 245 761 sancti
270 696 367 759 amici
391 697 453 759 Dei
477 706 565 771 sunt,
581 696 671 759 unde
686 696 860 760 Abraham
883 696 1001 758 dicitur
1023 695 1116 778 quod

146 804 272 866 amicus
296 804 360 867 Dei
384 804 565 885 appellatus
589 812 646 865 est.
665 804 710 866 Et
724 804 859 885 qnando
883 802 1001 865 dicitur
1023 802 1115 884 quod

140 911 287 974 amicitia
311 919 361 972 est
385 912 469 973 inter
493 910 642 993 aequalia,
660 910 735 972 dico
754 910 845 992 qnod
861 909 921 971 ista
944 908 1116 991 aequalitas

143 1016 222 1081 nihil
246 1018 336 1079 aliud
357 1026 406 1079 est
424 1038 525 1099 quam
549 1016 760 1090 readamati0,
777 1016 897 1079 scilicet
917 1025 953 1078 ut
976 1016 1116 1097 diligens

143 1125 313 1207 diligatur.

211 1231 272 1293 Ad
289 1229 465 1293 secundum
489 1250 641 1293 concessa
672 1231 794 1312 majore
828 1250 914 1311 nego
944 1228 1112 1291 minorem.

143 1374 187 1384 -
212 1338 271 1400 Ad
296 1337 436 1418 primam
467 1346 577 1399 autem
612 1336 851 1417 probationem,
876 1336 1011 1417 quando
1034 1336 1116 1397 dici·

140 1454 197 1507 tur
229 1445 320 1527 quod
345 1453 460 1505 natura
494 1442 728 1505 determinatur
762 1443 804 1504 ad
840 1463 908 1503 esse
932 1441 1114 1523 proprium,

141 1552 323 1614 dicendum
348 1559 396 1612 est
419 1550 509 1631 quod
527 1549 589 1613 hoc
607 1569 671 1611 non
688 1558 737 1611 est
752 1569 866 1611 verum
887 1548 1035 1610 absolute
1058 1548 1115 1610 sed

142 1658 228 1721 bene
252 1656 512 1719 conditionaliter
535 1666 633 1725 etex
669 1656 901 1737 suppositione,
927 1664 1007 1736 puta
1041 1674 1116 1737 snp-

140 1764 253 1846 posito
276 1784 345 1825 esse
369 1762 480 1825 divino
503 1771 534 1825 et
558 1772 637 1825 tunc
663 1782 729 1824 non
760 1772 810 1824 est
832 1762 874 1823 ad
898 1761 1114 1843 propositum.

141 1906 188 1918 -
212 1870 271 1933 Ad
295 1870 473 1931 secundam
484 1868 725 1951 probationem,
742 1869 875 1949 quando
891 1868 1009 1930 dicitnr
1023 1868 1115 1950 quod

141 1976 286 2039 amicitia
310 1997 385 2058 quae
409 1986 458 2039 est
481 1976 522 2037 ad
548 1975 686 2037 alterum
713 1983 763 2037 est
797 1996 840 2035 ex
874 1974 1015 2035 amicitia
1039 1994 1115 2055 quae

140 2094 193 2148 est
217 2105 235 2145 a
259 2105 303 2162 se,
327 2083 444 2145 dicitur
469 2082 648 2164 dupliciter.
692 2082 761 2146 Uno
797 2082 886 2143 modo
910 2081 1000 2163 qnod
1035 2078 1115 2143 illud

141 2212 259 2254 verum
283 2201 331 2252 est
356 2191 388 2251 in
411 2211 451 2252 eo
474 2189 564 2272 quod
601 2199 650 2251 est
686 2190 768 2250 ratio
791 2188 1022 2268 cognoscendi,
1047 2207 1115 2249 non

141 2307 256 2360 autem
281 2298 313 2358 in
337 2297 489 2376 eoquod
513 2305 565 2358 est
598 2297 681 2358 ratio
712 2295 876 2376 diligendi.
902 2296 987 2356 Nam
1012 2295 1045 2356 in
1069 2316 1118 2356 ra·

140 2406 235 2468 tione
258 2403 476 2485 cognoscendi
501 2402 644 2464 amicitia
668 2423 743 2484 quae
767 2411 815 2463 est
839 2403 879 2462 ad
904 2404 1042 2462 alterum
1066 2411 1116 2462 est

140 2533 187 2574 ex
212 2511 353 2572 amicitia
377 2529 452 2592 quae
476 2519 524 2571 est
547 2511 588 2571 ad
612 2529 657 2582 se,
670 2509 747 2590 quia
770 2510 904 2588 quando
927 2508 1042 2588 aliquis
1058 2507 1116 2569 bo-

142 2638 226 2680 num
251 2616 341 2698 quod
365 2616 435 2677 vult
458 2615 517 2677 sibi
543 2615 614 2677 vult
637 2615 736 2676 etiam
760 2615 861 2684 alteri,
887 2615 1018 2692 signum
1034 2622 1115 2676 tunc

139 2734 193 2787 est
216 2723 378 2785 amicitiae.
410 2722 487 2784 Alio
522 2720 613 2784 inodo
649 2721 767 2783 dicitur
801 2722 890 2802 quod
928 2722 1034 2802 masor
1066 2729 1115 2782 est

139 2851 222 2894 vera
246 2829 286 2892 de
309 2828 451 2892 amicitia
474 2848 550 2911 quae
574 2837 622 2891 est
645 2828 686 2890 ad
710 2828 850 2890 alterum
875 2837 912 2889 ut
928 2828 969 2888 ad
986 2827 1114 2888 bonurn

139 2937 350 3020 particulare,
379 2955 444 3012 non
481 2944 591 2996 autem
626 2935 668 2996 de
702 2934 843 2996 amicitia
878 2955 953 3014 quoe
993 2943 1042 2995 est
1072 2935 1116 2996 ad

139 3046 285 3109 alterum
310 3053 346 3105 ut
368 3043 409 3104 ad
434 3042 559 3104 bonum
584 3041 763 3102 universale
775 3042 857 3102 sicut
881 3051 929 3101 est
946 3043 1046 3103 Deus.
1071 3076 1117 3088 -

141 3151 203 3214 Ad
244 3150 373 3212 tertiam
399 3148 624 3231 probationem
661 3147 734 3210 dico
769 3150 858 3227 qnod
894 3147 1036 3208 amicitia
1059 3148 1115 3208 ali-

138 3257 281 3341 quando
315 3255 470 3318 fundatur
504 3276 601 3336 super
636 3255 795 3316 unitatem
830 3254 1022 3326 formalem,
1058 3253 1115 3314 ali-

137 3363 280 3448 quando
325 3384 404 3425 vero
442 3383 539 3444 super
582 3361 739 3423 unitatem
776 3361 995 3441 proportionis
1039 3381 1115 3442 quae

140 3481 193 3534 est
217 3470 401 3553 participati
425 3470 467 3530 ad
499 3469 728 3550 participatum
764 3477 796 3529 et
832 3469 890 3528 ista
915 3476 1022 3547 potest
1045 3487 1116 3530 esse

140 3579 398 3641 fundamentum
435 3576 564 3656 majoris
603 3575 771 3646 amicitiae,
805 3576 949 3635 maxime
980 3575 1116 3653 quando

138 3695 193 3748 est
217 3685 260 3747 ad
284 3685 410 3746 bonum
435 3683 623 3756 universale,
648 3682 738 3764 quod
762 3692 810 3742 est
834 3683 959 3742 bonum
984 3700 1041 3760 per
1069 3701 1116 3740 es-
