2600 4200
282 299 473 362 Drsrmcr.
499 298 581 362 XVI
606 297 755 380 Qumsr.
780 299 795 362 1
981 317 1038 380 131

99 504 223 584 perditi;
247 525 331 587 ergo
355 513 484 586 poterat
506 524 634 568 sumere
666 505 708 568 de
741 505 897 568 alimento
920 515 958 568 ut
980 515 1064 570 esset

99 612 224 693 aqualis
248 611 443 673 restauratio
466 611 634 693 deperditi,
649 622 683 674 et
698 612 744 675 sic
760 621 895 695 propter
919 611 983 676 hoc
996 633 1063 677 non

101 716 198 781 luisset
228 719 263 779 in
298 738 340 780 eo
375 718 546 781 necessitas
581 719 749 781 moriendi.
774 755 819 766 --
841 720 1066 800 Respondetur

100 827 179 905 quod
202 825 293 886 bene
316 824 390 886 licet
413 824 475 887 hoc
509 825 646 897 sciverit,
681 845 748 888 non
783 833 894 889 tamen
918 827 1064 908 sequitur

102 933 178 1011 quod
192 931 289 993 fieret
303 932 438 1013 aequalis
450 932 641 994 restauratio
656 931 814 1013 deperditi
835 942 968 1015 propter
984 934 1063 996 duo.

103 1037 207 1100 Primo
220 1047 356 1120 propter
369 1038 525 1120 potentiae
537 1039 700 1100 nutritivae
732 1039 931 1102 debilitatem
945 1039 976 1100 in
989 1060 1065 1102 con-

104 1145 252 1206 vertendo
264 1143 455 1206 alimentum
480 1144 512 1207 in
536 1165 605 1206 rem
616 1145 747 1222 alitam;
770 1145 907 1208 secundo
931 1154 1065 1227 propter

104 1251 319 1332 inpuritatem
335 1251 487 1324 alimenti,
501 1252 682 1313 secundum
694 1251 785 1332 quod
797 1271 924 1334 semper
940 1251 1064 1334 aliquid

105 1357 195 1419 traxit
231 1357 273 1419 de
295 1358 436 1440 impuro,
461 1379 549 1420 nunc
572 1367 683 1420 autem
708 1378 751 1420 ex
764 1357 884 1440 puriori
909 1357 1065 1421 alimento

107 1473 270 1542 generatur
293 1464 404 1546 purior
426 1465 562 1546 sanguis
591 1474 624 1527 et
651 1485 737 1538 carn,
773 1473 805 1526 et
827 1485 870 1526 ex
896 1465 1063 1547 impuriori

106 1571 252 1632 alimento
276 1581 448 1653 generatur
472 1571 631 1653 impurior
655 1571 787 1652 sanguis
809 1580 843 1634 et
867 1592 951 1634 caro.

170 1783 228 1846 Ao
251 1798 394 1848 ennium
429 1799 647 1848 ramelenus
682 1786 815 1866 quando
838 1784 957 1847 dicitur
973 1786 1063 1866 quod

110 1910 191 1951 mors
221 1901 270 1953 est
302 1889 423 1954 inflicta
458 1901 591 1973 propter
622 1901 804 1972 peccatum,
834 1892 950 1954 dicitur
973 1892 1064 1972 quod

109 2016 215 2058 verum
244 2006 293 2062 est
326 1999 368 2060 de
402 1999 590 2060 necessitate
625 1999 658 2059 in
693 2019 733 2059 eo
767 1999 857 2079 quod
893 2005 1065 2080 peccatum

110 2104 199 2165 solvit
229 2104 404 2187 prohibens
439 2116 596 2181 mortem,
633 2106 753 2167 scilicet
777 2106 937 2186 justitiam
973 2105 1068 2187 origi-

112 2210 226 2286 nalem;
249 2212 378 2294 proprie
404 2222 515 2275 autem
550 2233 649 2275 causa
681 2211 793 2274 mortis
827 2222 876 2274 est
910 2212 963 2273 illa
991 2232 1067 2293 quae

115 2315 190 2377 dicta
211 2320 311 2381 estin
335 2320 478 2381 secunda
501 2320 664 2401 opinione,
678 2319 798 2381 scilicet
824 2319 916 2400 quod
941 2339 1007 2380 non
1031 2316 1068 2378 tit

114 2425 289 2488 restauratio
313 2434 404 2487 tanta
426 2436 550 2507 quanta
573 2434 621 2487 est
647 2426 828 2507 deperditio
863 2426 895 2487 in
918 2404 1068 2486 ¹humido

116 2530 241 2593 radicali.

174 2636 226 2698 Ad
234 2639 418 2721 seczmduqn,
428 2658 505 2700 cum
517 2638 635 2701 dicitur
646 2638 738 2720 quod
751 2638 859 2701 anima
874 2637 991 2701 Christi
1008 2636 1069 2699 fuit

118 2742 304 2818 omnisciens,
327 2764 408 2826 ergo
432 2745 650 2825 omnipotens,
672 2754 809 2827 negatur
833 2742 1067 2826 corzseqneutia,

118 2848 183 2925 quia
204 2851 438 2933 omnipotentia
462 2872 527 2913 non
563 2860 671 2933 potest
705 2852 942 2913 communicari
973 2849 1068 2913 alicui

119 2965 257 3019 creaturae
280 2958 340 3021 nisi
364 2955 483 3019 habeat
507 2958 539 3020 in
563 2978 597 3020 se
620 2957 760 3020 sormam
794 2958 971 3020 virtualiter
995 2976 1070 3018 con-

120 3062 259 3125 tentivam
282 3064 432 3127 omnium
456 3064 661 3145 objectorum
686 3063 886 3147 possibilium
911 3062 1068 3146 produci;

121 3162 182 3228 ideo
203 3171 372 3253 requiritur
387 3171 493 3252 major
508 3170 664 3252 perfectio
680 3171 712 3233 in
729 3170 944 3233 fundamento
967 3171 1070 3234 omni·

122 3277 257 3349 potentiae
279 3298 382 3360 quam
405 3277 438 3339 in
462 3277 677 3341 fundamento
701 3278 943 3340 omniscientiae.

178 3384 230 3445 Ad
247 3386 379 3448 tertium
398 3385 515 3447 dicitur
530 3385 621 3466 quod
636 3386 867 3467 consequentia
883 3405 948 3446 non
965 3384 1069 3446 valet:

122 3483 273 3555 sicrelum
296 3502 344 3555 est
368 3491 621 3573 incorruptibile,
645 3512 725 3573 ergo
748 3500 781 3553 et
803 3512 922 3573 corpus
939 3489 1070 3563 Christi,

124 3592 189 3670 quia
209 3606 241 3660 ut
262 3599 367 3681 patuit
390 3600 427 3663 in
449 3618 480 3661 2.
505 3598 561 3661 lib.
585 3599 661 3661 dist.
678 3618 732 3683 24.
751 3599 884 3661 materia
908 3596 982 3659 coeli
1003 3617 1071 3659 non

122 3706 167 3759 0⁸1
185 3702 319 3783 ejusdem
343 3706 477 3770 rationis
500 3726 576 3769 cum
601 3706 734 3769 materia
758 3704 957 3769 inferiorum.
