2600 4200
315 281 498 341 Drsrrucr.
516 277 550 339 V
574 278 722 360 QuAEsr.
747 279 776 341 ΙΙ
999 297 1044 359 49

113 481 141 546 Si
160 486 266 568 primo
292 486 400 558 modo,
424 484 614 546 conceditur
628 485 718 564 quod
743 493 859 546 natura
873 484 982 547 divina
998 505 1065 549 non

114 601 204 668 potest
227 612 392 654 assumere
405 601 555 652 naturam
581 589 760 652 humanam
777 590 854 672 quia
878 591 1060 654 nonhabet

115 696 436 760 incommunicabilem
461 695 715 760 subsistentiam.
730 696 763 760 Si
787 699 932 759 secundo
949 699 1061 771 modu,

114 805 285 866 conceditur
321 805 409 886 quod
445 813 550 884 potest
575 824 747 874 assumere,
772 805 848 884 quia
876 813 992 866 natura
1014 804 1064 866 di·

115 908 174 970 vina
195 911 294 974 habet
318 932 374 992 per
398 932 431 972 se
453 910 660 972 existentiam
684 911 983 992 singularissimum.

188 1124 245 1186 Ao
285 1137 428 1186 Parnon
453 1137 490 1184 mr
530 1135 770 1186 cournanruu
801 1123 918 1186 dicitur
963 1124 1054 1206 quot

115 1226 305 1310 Augustinus
328 1229 445 1310 accipit
469 1228 511 1291 ibi
536 1240 687 1291 naturam
722 1250 782 1310 pro
820 1252 958 1312 persona
993 1250 1059 1293 non

113 1354 163 1412 pro
183 1337 323 1408 essentia,
348 1337 438 1418 quod
464 1345 552 1416 patet
576 1337 654 1417 quia
677 1336 754 1397 dicit
793 1336 878 1398 illam
903 1346 1054 1398 naturam

113 1461 171 1502 esse
193 1444 341 1523 genitam,
358 1442 496 1504 essentia
519 1451 629 1504 autem
647 1442 755 1504 divina
772 1462 837 1504 non
851 1452 983 1524 generat
996 1463 1055 1505 nec

116 1559 281 1626 generatur,
299 1558 334 1611 ut
359 1550 474 1631 patuit,
499 1549 554 1611 lib.
580 1567 609 1612 Ι.
634 1549 709 1614 dist.
723 1567 758 1630 5.

171 1655 224 1716 Ad
242 1657 415 1734 secundum
440 1666 672 1738 argentomum
697 1655 824 1717 difficile
850 1665 898 1717 est
929 1675 1060 1737 respon·

115 1753 181 1821 dere
202 1762 243 1823 eis
264 1763 318 1844 qui
343 1762 457 1824 dicunt
480 1761 651 1823 essentiam
676 1771 709 1824 et
739 1761 944 1844 suppositum
983 1761 1061 1823 divi·

115 1885 185 1928 num
206 1869 352 1951 distingui
378 1878 508 1930 tantum
532 1869 665 1941 ratione,
683 1889 743 1929 nec
758 1878 894 1948 possunt
905 1869 989 1932 bene
1001 1869 1061 1929 sal·

116 1993 183 2034 vare
203 1977 367 2038 articulum
394 1975 632 2040 incarnationis,
650 1974 716 2037 Sed
732 1975 895 2056 ponend0‚
908 1975 991 2036 sicut
1006 1975 1060 2035 ali·

115 2099 145 2139 as
159 2079 269 2143 dictum
286 2093 344 2156 est,
361 2082 453 2164 quod
470 2081 676 2165 suppositum
693 2089 725 2143 et
741 2081 877 2144 essentia
897 2104 961 2144 non
980 2091 1057 2143 sunt

115 2187 249 2250 omnibus
272 2190 376 2251 modis
401 2190 498 2263 idem,
522 2190 598 2271 quia
621 2188 758 2251 essentia
781 2188 859 2250 dicit
885 2188 1053 2250 entitatem

115 2297 411 2367 communicabilem,
436 2296 642 2377 suppositum
667 2304 777 2357 autem
802 2295 1053 2357 incommunica-

116 2396 207 2473 bilem,
229 2407 315 2483 patet
338 2404 429 2485 quod
453 2423 590 2484 persona
607 2411 715 2483 potest
738 2422 901 2463 assumere
913 2411 946 2464 et
963 2412 1056 2463 natu·

117 2523 146 2563 ra
165 2527 221 2569 non
244 2517 359 2591 potest.

169 2614 221 2675 Ad
239 2616 380 2687 tertium,
410 2616 535 2677 dictum
561 2625 609 2676 est
633 2615 752 2696 pluries
768 2614 844 2696 quia
860 2614 1059 2677 continentia

117 2734 168 2779 non
188 2731 232 2782 est
245 2723 324 2783 ratio
337 2722 542 2795 terminandi,
556 2722 612 2783 sed
625 2722 876 2803 independentia
888 2731 921 2782 et
934 2721 1058 2783 incom-

118 2826 295 2891 municabilis
319 2828 535 2901 subsistentia,
560 2849 636 2910 quae
661 2828 818 2911 competit
842 2848 1001 2909 personae.

465 3005 641 3085 Qunsrro
658 3006 697 3067 ΙΙ.

414 3165 558 3227 Secrmdo
581 3165 763 3247 quaritur:

229 3322 331 3379 illrum
352 3338 470 3391 persona
488 3338 632 3379 assumere
651 3325 744 3391 potest
762 3338 920 3391 personum.

171 3462 299 3529 Videtur
321 3467 411 3549 quod
436 3467 489 3529 sic.
512 3465 655 3548 Quando
679 3468 787 3549 aliqua
799 3476 874 3529 sunt
887 3468 973 3529 idem
989 3488 1057 3529 rea-

120 3563 185 3641 liter,
196 3592 290 3635 unum
314 3595 379 3636 non
405 3582 512 3655 potest
531 3574 651 3635 assumi
676 3574 744 3635 sine
767 3574 846 3635 alio:
871 3575 926 3636 sed
941 3584 1055 3636 natura

120 3678 147 3729 et
164 3694 285 3754 persona
308 3689 414 3741 creata
431 3688 506 3741 sunt
523 3680 607 3741 idern
626 3681 749 3741 realiter
765 3689 797 3741 et
814 3689 928 3741 natura
944 3686 992 3742 est
1008 3701 1055 3741 as·

949 3807 963 3848 r
