2600 4200
229 283 293 361 246
494 282 569 345 Lru.
594 283 639 345 111
663 283 983 348 §sursumsun-

203 496 267 560 tus
292 496 372 569 puta
395 486 512 551 docere
534 497 567 550 et
590 488 776 570 praedicare,
798 488 1006 551 mendacium
1030 496 1113 550 esset
1138 489 1172 554 in

204 615 245 657 eo
269 603 440 675 peccatum
466 594 611 669 mortale,
628 595 706 677 quia
722 616 765 657 ex
782 594 846 657 hoc
864 593 1026 658 auferetur
1051 595 1173 659 utilitas

204 710 237 762 et
264 700 407 763 soliditas
441 701 598 763 doctrinae
633 721 733 783 quam
770 701 937 784 praedicat,
958 701 1055 781 juxta
1090 702 1171 767 illud

205 807 384 888 Augustini
407 808 456 869 ad
475 806 634 870 Hierum:
659 807 684 869 si
708 808 750 870 ad
779 808 953 889 scripturas
987 828 1093 870 sacras
1114 809 1171 870 ad-

205 913 303 975 missa
327 913 444 975 fuerint
467 932 674 995 quaecunque
699 914 867 975 mendacia
891 914 1012 993 jocosa,
1041 914 1118 976 nihil
1135 915 1168 977 in

203 1018 250 1081 eis
273 1029 418 1082 remanet
452 1021 630 1083 soliditatis.
656 1056 699 1067 -
724 1020 758 1083 Si
784 1030 895 1083 autem
932 1021 1105 1101 loquamur
1127 1022 1170 1084 de

203 1146 342 1207 persona
365 1146 440 1207 quae
464 1126 562 1189 habet
586 1134 706 1188 statum
736 1125 940 1208 perfectionis
962 1126 1170 1209 acquirenda

204 1252 270 1295 non
293 1233 485 1303 arerceudae,
511 1232 638 1295 videtur
662 1234 749 1295 aliud
784 1234 970 1305 dicendum,
995 1234 1071 1315 quia
1095 1234 1169 1298 talis

204 1359 270 1401 non
294 1340 420 1401 videtur
443 1339 606 1421 obligatus
630 1340 827 1421 plusquam
850 1340 969 1414 caeteri,
986 1339 1044 1403 nisi
1068 1340 1109 1401 ad
1129 1360 1169 1404 ea

203 1465 279 1526 quae
302 1446 402 1507 vovit.
428 1446 503 1508 Non
527 1446 613 1508 enim
648 1447 824 1527 assumpsit
853 1454 975 1508 statum
999 1466 1086 1508 curae
1109 1467 1168 1527 pa·

203 1550 338 1625 storalis,
363 1551 436 1613 ideo
459 1552 484 1614 si
509 1572 574 1614 non
597 1560 728 1615 exercet
750 1560 843 1614 actus
873 1550 1087 1635 perfectionis,
1111 1573 1169 1614 cu-

200 1657 344 1738 jusmodi
367 1667 417 1720 est
439 1658 556 1720 docere
579 1668 611 1721 et
635 1658 821 1740 praedicare,
848 1679 913 1720 non
942 1660 1068 1721 videtur
1091 1680 1167 1740 pee-

203 1784 276 1826 care
300 1766 476 1826 mortaliter
512 1766 543 1826 in
580 1766 752 1828 mendacio
785 1764 898 1846 jocoso
926 1767 975 1827 vel
1011 1765 1166 1840 officioso,

205 1870 264 1932 nisi
280 1870 362 1933 forte
383 1880 514 1953 propter
538 1871 739 1943 scandalum,
758 1873 835 1953 quia
859 1870 1036 1952 imperfecti
1062 1873 1168 1953 magis

203 1987 340 2059 possunt
363 1978 569 2040 scandalizari
594 1978 634 2039 de
670 1979 840 2039 mendacio
875 1978 972 2058 hujus
1006 1998 1166 2061 personas,

202 2105 301 2166 quam
326 2085 367 2147 de
392 2084 560 2148 mendacio
583 2106 730 2166 personae
756 2085 951 2147 communis.

270 2298 330 2360 Au
355 2311 615 2361 nnouuuu'ruu
641 2313 857 2361 Purucrrnrn
881 2298 1055 2360 dicendum
1074 2299 1167 2379 quod

203 2403 375 2467 Abraham
400 2424 465 2467 non
488 2405 573 2469 dixit
594 2405 638 2466 'ibi
663 2416 776 2467 contra
804 2413 958 2476 mentem,
983 2405 1060 2486 quia
1082 2405 1167 2467 sicut

203 2512 315 2573 recitat
339 2511 499 2592 Joseplrus
523 2512 558 2573 iu
583 2511 637 2575 lib.
655 2510 924 2592 Antiquitatum:
949 2511 1029 2572 dum
1057 2511 1166 2573 Abra-

202 2617 279 2680 ham
303 2618 390 2680 solus
412 2618 471 2679 iret
494 2639 570 2679 cum
595 2617 670 2690 filio,
695 2617 883 2680 informavit
915 2638 991 2680 eum
1027 2618 1167 2699 qualiter

202 2723 297 2786 fuerit
320 2724 511 2786 miraculose
534 2733 711 2805 conceptus
727 2735 760 2786 et
775 2724 912 2805 qualiter
935 2744 1022 2796 eum,
1035 2724 1062 2784 si
1080 2734 1167 2788 esset

203 2841 360 2904 mortuus,
386 2831 575 2893 miraculose
610 2831 821 2903 resuscitaret,
846 2838 878 2891 et
902 2829 964 2892 hoc
988 2829 1165 2895 Abraham

202 2935 383 2998 firmissime
407 2938 546 2999 creditur
569 2948 768 3018 expectasse,
793 2937 869 3018 quia
904 2957 968 2998 non
993 2936 1167 3001 dubitabat

201 3045 242 3106 de
266 3043 477 3126 promissione
506 3045 565 3105 Dei
591 3044 622 3106 in
658 3044 756 3116 Isaac,
781 3045 868 3106 unde
901 3043 1054 3105 credebat
1087 3063 1166 3109 eum

203 3151 393 3212 miraculose
416 3151 672 3212 resuscitandum
696 3161 728 3213 et
751 3171 861 3212 secum
894 3169 1098 3211 reversurum
1121 3151 1167 3214 ad

201 3277 318 3337 pueros
341 3276 437 3318 suos:
463 3257 507 3319 sic
531 3277 596 3319 non
620 3258 704 3319 dixit
727 3257 818 3318 aliter
841 3277 939 3338 quam
976 3256 1109 3318 sentiret
1132 3257 1167 3324 in

202 3373 319 3424 mente.

641 3577 721 3682 lt<
