2600 4200
140 411 192 472 De
234 412 321 471 Trin.
357 431 382 471 c.
418 414 447 472 8.
484 411 541 472 ubi
580 411 704 490 probat
737 429 811 472 eam
847 413 918 472 sic:
954 410 1104 474 Morien-

139 526 209 580 tem
233 518 307 578 vita
328 518 429 578 beata
451 517 598 588 deserit;
623 527 684 578 aut
706 536 790 598 ergo
815 517 987 580 nolentem
1008 519 1102 580 dese-

139 626 194 694 rit,
230 634 289 685 aut
324 625 507 694 volentem,
544 633 602 684 aut
637 633 805 686 neutrum.
842 622 881 686 Si
916 623 1100 696 nolentem,

139 730 313 812 quomodo
336 741 389 792 est
412 732 512 792 beata
534 732 617 800 vita,
641 749 720 810 quae
738 732 786 792 ita
801 739 854 792 est
870 733 905 793 in
921 730 1100 794 voluntate

139 847 179 900 ut
202 858 271 900 non
295 841 339 899 sit
364 840 398 898 in
422 839 618 918 potestate?
643 835 681 900 Si
693 847 807 900 autem
825 838 1007 909 volentem,
1021 858 1103 918 quo·

139 947 243 1006 modo
266 947 339 1006 vita
361 945 462 1006 beata
484 946 559 1014 erit,
584 963 687 1025 quam
711 943 808 1006 finire
833 945 944 1006 noluit
967 946 1025 1025 qui
1046 945 1104 1006 ha·

138 1051 261 1112 bebat?
286 1050 323 1114 Si
348 1051 441 1112 dicas
459 1061 627 1120 neutrum,
652 1070 737 1132 ergo
753 1070 816 1113 nec
836 1053 903 1112 ista
914 1053 987 1114 vita
1001 1052 1103 1113 beata

140 1167 203 1229 est,
221 1177 298 1237 quae
324 1158 402 1220 talis
426 1169 479 1218 est
502 1165 540 1218 ut
563 1177 665 1237 quem
700 1157 838 1219 beatum
870 1156 961 1227 facit,
986 1177 1102 1220 amore

140 1265 214 1344 ejus
238 1266 382 1345 indigna
405 1265 459 1326 sit.

231 1369 300 1434 Sed
323 1387 385 1432 nec
409 1372 476 1432 ista
498 1372 586 1431 ratio
609 1370 792 1432 concludit.
817 1369 976 1432 Concedo
1010 1371 1102 1432 enim

140 1477 233 1557 quod
256 1497 375 1538 verum
399 1487 452 1538 est
474 1477 720 1538 beatitudinem
747 1497 815 1538 non
839 1477 950 1562 solum
975 1479 1010 1538 in
1031 1480 1103 1538 uni·
1153 1466 1156 1472 ’

140 1585 276 1654 versarii,
302 1585 488 1646 sedetiam
514 1585 549 1645 in
572 1583 777 1666 particulari⁸
795 1586 910 1664 appeti
944 1584 1102 1648 naturali·

140 1699 193 1752 ter
215 1691 258 1751 ab
282 1691 428 1752 homine.
455 1689 524 1752 Sed
548 1710 616 1751 non
640 1700 693 1751 est
717 1701 835 1752 notum
859 1691 990 1752 ratione
1007 1700 1103 1752 natu·

139 1795 202 1857 rali
216 1797 308 1877 quod
332 1800 407 1878 ipsa
422 1799 457 1858 'm
473 1797 682 1877 particulari,
700 1816 779 1877 quae
795 1797 927 1858 scilicet
943 1799 1103 1858 consistit

140 1905 176 1965 in
201 1905 278 1972 isto,
303 1905 337 1965 in
362 1923 430 1983 quo
455 1921 518 1965 nos
541 1921 615 1964 eam
640 1904 811 1964 credimus
834 1905 1032 1973 consistere,
1045 1923 1103 1984 ap

140 2019 277 2090 petatur
301 2010 500 2072 naturaliter
523 2011 565 2071 ab
593 2011 751 2082 homine;
788 2019 847 2070 aut
880 2011 971 2071 enim
1005 2029 1102 2091 opor-

139 2126 227 2179 teret
250 2138 326 2179 esse
351 2127 468 2180 notum
493 2137 554 2197 per
581 2120 747 2179 rationem
784 2118 973 2180 naturalem
1008 2119 1102 2198 quod

140 2226 206 2286 iste
230 2235 326 2286 actus
349 2233 440 2285 essct
464 2226 564 2286 nobis
587 2226 796 2287 conveniens
823 2234 987 2304 tanquam
1010 2223 1100 2294 finis,

140 2342 179 2392 ut
202 2332 330 2393 dictum
354 2342 407 2393 est
432 2334 465 2392 in
489 2350 518 2391 2.
543 2353 572 2410 q.
598 2351 625 2392 r.
652 2332 754 2393 Libri.

230 2543 349 2604 Potest
372 2562 456 2624 ergo
480 2545 586 2603 teneri
613 2544 741 2606 tertio
764 2543 908 2621 opinio
928 2543 1020 2623 quod
1037 2563 1100 2605 nec

138 2670 160 2709 a
177 2650 293 2727 priori,
322 2658 406 2729 puta
432 2668 492 2730 per
526 2651 693 2711 rationem
727 2651 887 2729 principii
922 2651 1099 2711 intrinseci

141 2756 176 2816 in
200 2755 347 2826 homine,
374 2775 434 2816 nec
468 2777 488 2815 a
517 2758 696 2833 posteriori,
724 2765 808 2835 puta
834 2775 896 2836 per
930 2757 1097 2817 rationem

139 2862 284 2941 alicujus
307 2863 516 2941 operationis
540 2860 596 2923 vel
625 2860 845 2941 perfectionis
876 2865 1101 2943 congruentis

140 2968 270 3030 homini
294 2977 408 3049 potest
431 2970 567 3048 probari
592 2970 873 3029 resurrectionem
887 2987 963 3029 esse
987 2988 1102 3031 neces·

139 3076 231 3136 sario
254 3073 403 3136 futuram
417 3097 423 3147 ;
448 3094 533 3156 ergo
557 3075 621 3135 hoc
638 3084 800 3155 tanquam
817 3075 956 3136 omnino
969 3085 1100 3137 certum

140 3200 209 3242 non
233 3190 368 3243 tenetur
392 3183 456 3243 nisi
481 3201 542 3267 per
565 3181 676 3243 fidem.

230 3392 292 3455 Ao
315 3407 587 3455 Aaounrnnruu
611 3397 645 3454 in
668 3397 860 3454 contrarium
896 3396 972 3456 dico
1006 3395 1100 3475 quod

139 3509 200 3561 aut
223 3502 389 3580 quaeritur
411 3503 554 3581 praecise
578 3501 619 3569 de
643 3502 812 3562 desiderio
843 3501 989 3562 naturali
1025 3520 1100 3581 pro-
1190 3568 1193 3572 ,

140 3608 213 3687 prie
237 3608 338 3677 dicto,
363 3616 397 3669 et
420 3606 504 3667 illud
528 3627 595 3668 non
620 3617 673 3668 est
696 3607 820 3686 aliquis
833 3619 929 3669 actus
952 3608 1097 3677 elicitus,
