2600 4200
216 244 279 307 228
466 242 542 307 Lm.
566 244 612 308 111
636 242 932 309 Snucnurnmou

192 448 322 511 cessitas
345 448 387 511 ad
415 449 605 530 ponendum
640 448 882 512 distinctionem
916 448 1036 510 realem
1070 447 1160 511 inter

192 555 279 633 dona
302 564 335 619 et
357 555 508 632 virtutes;
532 576 622 639 ergo.
638 556 791 619 Probatio
814 554 960 629 minoris,
977 554 1054 636 quia
1069 555 1162 620 sicut

192 663 234 725 ad
257 682 391 726 omnem
414 672 524 726 actum
549 661 732 725 humanum
756 662 919 725 sufficiunt
941 661 1076 724 virtutes
1092 661 1161 725 hu-

193 788 299 831 manae
323 769 391 832 sine
413 768 522 851 aliquo
555 768 618 831 alio
653 768 855 843 adveniente,
879 768 924 831 ita
945 768 989 830 ad
1018 788 1159 832 omnem

191 886 302 939 actum
318 875 595 958 supernaturalem
611 875 776 938 sufficiunt
791 874 926 938 virtutes
941 873 1157 958 theologicae;

190 1001 269 1064 ergo
292 1002 359 1045 non
382 990 512 1063 oportet
535 1000 656 1063 ponere
678 982 766 1044 dona
789 980 920 1043 habitus
954 981 1080 1044 realiter
1104 982 1157 1044 di-

190 1088 324 1151 stinctos
346 1109 367 1151 a
390 1088 562 1153 virtutibus
584 1087 785 1171 theologicis.

259 1194 408 1259 Secunda
431 1195 589 1259 conclusio
623 1204 672 1281 est
705 1195 796 1277 quod
830 1194 918 1257 dona
951 1204 985 1258 et
1019 1195 1159 1258 virtutes

191 1299 435 1384 distinguuntur
458 1310 618 1383 quantum
642 1302 685 1364 ad
708 1310 882 1383 respectus
898 1301 976 1383 quia
998 1302 1085 1364 dona
1107 1301 1157 1364 di-

191 1416 310 1470 cuntur
333 1428 389 1489 per
413 1408 692 1490 comparationem
715 1408 758 1470 ad
789 1407 994 1489 principium,
1020 1408 1157 1489 inquan-

190 1521 263 1577 tum
286 1514 406 1577 scilicet
428 1523 504 1578 sunt
526 1536 547 1577 a
569 1516 665 1593 Deo;
689 1514 746 1577 sed
769 1514 921 1577 dicuntur
943 1514 1086 1588 virtutes,
1108 1514 1156 1577 in·

190 1630 351 1702 quantum
375 1620 495 1684 scilicet
518 1619 689 1702 perficiunt
711 1620 895 1701 subjectum
919 1621 952 1683 in
975 1621 1087 1683 ordine
1108 1622 1157 1683 ad

190 1736 310 1789 actum.
337 1726 402 1791 Sed
426 1736 524 1790 restat
547 1727 745 1790 dubiumtsi
768 1728 855 1789 dona
878 1737 912 1791 et
926 1726 1062 1789 virtutes
1076 1736 1158 1790 sunt

191 1832 287 1907 idem,
313 1835 482 1914 quomodo
505 1854 540 1896 se
563 1833 685 1913 habent
707 1834 750 1896 ad
773 1834 939 1897 invicem?
962 1833 1008 1895 Et
1033 1843 1082 1896 est
1104 1834 1153 1895 di-

191 1939 341 2015 cendum,
369 1940 549 2002 secundum
586 1940 681 2002 istam
715 1940 814 2014 viam,
845 1940 935 2021 quod
970 1940 1032 2001 tria
1065 1939 1156 2002 dona

190 2056 266 2108 sunt
288 2045 375 2110 idem
390 2066 468 2109 cum
492 2046 594 2110 tribus
617 2046 790 2110 virtutibus
812 2044 1014 2129 theologicis,
1034 2045 1158 2109 scilicet

190 2152 379 2227 intellectus
393 2153 549 2235 sapientia
565 2164 598 2217 et
613 2154 746 2217 scientia
762 2163 839 2217 sunt
853 2153 942 2216 idem
955 2154 1045 2235 quod
1060 2151 1154 2231 fides,

190 2279 264 2341 spes
286 2267 319 2350 et
349 2259 497 2322 charitas.
522 2259 600 2323 Alia
636 2269 747 2323 autem
781 2269 922 2342 quatuor
957 2261 1043 2322 dona
1075 2270 1158 2322 sunt

190 2365 277 2428 idem
300 2386 376 2428 cum
400 2375 542 2448 quatuor
565 2366 739 2431 virtutibus
762 2366 988 2442 cardinalibus,
1004 2365 1080 2448 quia
1096 2366 1157 2428 do·

190 2491 270 2535 num
295 2471 423 2553 pietatis
446 2473 609 2536 reducitur
625 2474 668 2536 ad
687 2472 867 2554 justitiam;
892 2473 1017 2535 donum
1040 2479 1156 2535 autem

190 2579 315 2641 timoris
338 2579 473 2642 Domini
497 2580 661 2644 reducitur
676 2580 718 2642 ad
734 2579 983 2661 temperantiam
994 2599 1002 2655 ;
1026 2579 1156 2641 donum

190 2694 300 2748 autem
324 2684 520 2750 fortitudinis
542 2696 591 2750 est
613 2687 796 2750 constantia
818 2686 886 2749 sive
902 2685 1071 2763 sortitud03
1096 2685 1158 2748 do

191 2811 270 2854 num
293 2802 405 2855 autem
428 2793 551 2857 consilii
575 2803 625 2857 est
646 2791 829 2876 prudentia
948 2827 951 2830 ⁴

257 2893 305 2965 Si
323 2901 494 2967 teneatur
518 2898 592 2967 ista
615 2897 746 2985 opinio
769 2908 877 2982 potest
900 2899 1086 2981 responderi
1107 2900 1158 2961 ad

189 3015 383 3087 argumenta
407 3004 491 3068 sacta
512 3007 554 3068 ad
577 3007 755 3070 secundam
779 3015 905 3088 partem
929 3003 1128 3087 quaestionis.

256 3112 314 3173 Ad
328 3112 478 3193 primum
503 3111 679 3176 dicendum
702 3113 792 3195 quod
815 3112 841 3174 si
864 3111 1064 3193 accipiantur
1087 3118 1160 3174 tres

190 3215 333 3280 virtutes·
347 3228 474 3281 tantum
499 3228 531 3282 et
554 3228 680 3301 septem
704 3220 801 3294 dona,
813 3228 893 3281 tunc
908 3225 957 3280 est
968 3217 1051 3280 bene
1063 3215 1158 3279 diffe-

189 3323 292 3388 rentia
315 3325 397 3388 inter
413 3326 501 3388 dona
517 3335 549 3388 et
565 3326 711 3402 virtuteS,
724 3335 757 3389 et
768 3333 897 3408 ponunt
908 3325 941 3388 in
965 3343 1156 3398 numerum,

189 3438 223 3493 et
245 3430 290 3492 sic
302 3431 419 3513 accipit
431 3431 617 3514 Gregorius
632 3431 667 3496 Si
683 3442 792 3495 autem
808 3430 1008 3514 accipiantur
1024 3439 1154 3512 septem

189 3536 324 3600 virtutes
336 3547 368 3600 et
381 3547 505 3619 septem
522 3539 618 3614 dona,
632 3548 711 3601 tunc
724 3559 789 3601 non
802 3537 925 3601 habent
936 3527 1157 3600 differentiam

189 3643 320 3726 realem,
345 3653 381 3707 ut
405 3643 612 3708 dictumest.
