2600 4200
208 209 271 250 220
422 187 497 248 luc.
523 186 575 248 IV
600 185 905 249 Ssuruurrnxun

182 368 258 429 haec
281 376 315 427 et
338 366 398 427 illa
421 385 488 427 non
506 374 586 425 sunt
602 384 672 425 una
687 364 805 432 clavis,
823 364 883 425 sed
900 364 984 427 aliae.
1006 364 1142 437 Quarto,

183 472 329 553 qualiter
352 472 482 532 habens
507 473 591 531 istas
606 470 723 532 claves
739 480 852 551 potest
869 471 964 531 exire
981 471 1015 531 in
1029 479 1144 531 actum

182 599 309 642 earum.
338 579 465 653 Quinto,
495 579 523 638 si
555 588 681 657 praeter
717 578 794 638 illas
829 578 864 637 in
898 574 1055 637 Ecclesia
1093 586 1150 638 est

184 687 299 767 aliqua
322 684 390 747 alia
412 684 530 746 clavis.

275 898 336 961 De
354 896 499 976 primo
522 894 599 957 dico
623 896 715 976 quod
740 914 863 957 nornen
886 896 983 955 clavis
1003 894 1147 956 transla-

184 1016 256 1067 tum
280 1014 333 1065 est
357 1024 377 1065 a
400 1003 636 1083 corporalibus
660 1003 702 1063 ad
730 1002 922 1082 spiritualia
955 1002 1144 1063 secundum

184 1114 333 1193 aliquam
347 1110 616 1179 similitudinem,
630 1110 817 1171 secundum
830 1109 915 1169 illud
927 1108 1145 1189 Philosophi:

184 1238 303 1281 omnes
326 1215 571 1278 transferentes
595 1216 781 1277 secundum
817 1216 966 1295 aliquam
990 1215 1150 1277 similitu-

184 1326 299 1386 dinem
316 1322 535 1385 transferunt.
558 1322 663 1382 Clanis
680 1332 791 1383 autem
809 1331 862 1383 est
882 1323 1146 1383 instrumentum

185 1432 228 1492 ad
251 1430 495 1491 removendum
520 1429 734 1491 obstaculum
760 1448 802 1489 ne
819 1428 943 1507 aliquis
955 1428 989 1489 in
1007 1428 1146 1490 domum

185 1538 407 1619 ingrediatur.
444 1536 526 1599 Ideo
560 1535 725 1614 quaelibet
759 1536 869 1595 virtus
896 1536 970 1595 sive
993 1545 1150 1614 potestas

185 1662 366 1705 removens
389 1642 603 1703 obstaculum
628 1642 789 1703 introitus
813 1642 855 1703 ad
879 1660 1025 1722 regnum
1046 1642 1151 1704 coelo

185 1770 260 1812 rum
285 1759 398 1829 potest
422 1750 505 1811 dicit
527 1749 645 1809 clavis
673 1784 713 1791 -
739 1746 809 1809 Sed
832 1765 908 1809 cum
939 1750 984 1809 sit
1017 1750 1149 1828 triplex

186 1856 399 1918 obstaculum
425 1856 572 1917 intrandi
597 1856 631 1915 in
657 1872 801 1936 regnum
826 1854 1002 1924 coelorum,
1019 1854 1150 1934 triplex

186 1966 250 2025 erit
273 1964 390 2025 clavis.
416 1960 480 2023 Est
496 1963 586 2023 enirn
608 1961 822 2023 obstaculum
834 1963 977 2038 primum
994 1961 1149 2023 debiturn

186 2072 305 2133 aeterni
331 2069 501 2150 supplicii,
526 2078 667 2150 propter
690 2067 833 2129 mortale
859 2076 1037 2149 peceatum
1060 2088 1152 2130 com-

186 2179 340 2245 missum,
365 2186 399 2236 et
430 2176 494 2236 hoc
511 2176 606 2236 solus
640 2175 737 2236 Deus
771 2184 933 2236 removet.
963 2177 1066 2235 Aliud
1096 2185 1152 2237 est

186 2282 411 2351 obstaculum,
437 2282 577 2350 scilicet,
602 2282 754 2343 debitum
772 2281 954 2343 solutionis
978 2283 1089 2362 pretii,
1114 2293 1151 2342 et

186 2391 252 2452 hoc
275 2390 369 2451 solus
393 2387 550 2451 Christus
574 2390 609 2449 in
633 2391 793 2468 passione
817 2408 880 2448 sua
895 2391 1051 2450 removit.
1078 2389 1152 2449 Ter-

187 2500 266 2556 tium
290 2495 504 2557 obstaculum
528 2505 581 2555 est
604 2495 756 2556 debiturn
781 2497 911 2574 peccati
928 2496 1062 2556 dimissi
1079 2515 1150 2575 quo

187 2614 346 2685 peccator
370 2603 544 2684 obligatur
569 2602 611 2663 ad
626 2621 765 2682 poenam
782 2602 1016 2682 temporalem,
1034 2612 1068 2663 et
1084 2603 1150 2664 hoc

187 2721 302 2792 potest
325 2711 493 2770 removeri
517 2709 699 2790 perillum
724 2710 781 2790 qui
809 2719 923 2789 potest
957 2728 1079 2789 poenas
1103 2719 1151 2769 ta·

188 2836 281 2885 xare,
306 2828 339 2877 et
363 2815 442 2877 talis
465 2827 518 2877 est
542 2814 730 2888 Sacerdos;
757 2835 840 2897 crgo
873 2817 963 2896 apud
988 2815 1151 2878 Sacerdo-

188 2935 256 2985 tem
281 2922 389 2983 clavis
412 2923 606 3002 hujusmodi
631 2933 833 2984 reservatur.
861 2959 902 2966 -
933 2922 989 2984 Ex
1006 2923 1071 2983 hoc
1094 2922 1151 2983 ha-

187 3031 287 3091 betur
311 3029 402 3110 quod
426 3029 553 3109 triplex
577 3041 630 3089 est
654 3030 771 3098 clavis,
797 3030 927 3090 scilicet
942 3030 1144 3096 auctoritatis,

188 3139 379 3196 excellentiae
402 3145 436 3195 et
459 3138 636 3196 ministerii.
664 3135 778 3196 Prima
802 3138 963 3197 convenit
979 3137 1075 3208 Deo;
1100 3155 1150 3208 so-

189 3243 301 3304 cunda
324 3241 480 3313 Christo;
507 3243 607 3303 tertia
638 3242 824 3304 Sacerdoti.

278 3457 342 3518 Da
364 3457 542 3518 seorntdo
566 3455 759 3518 Arruntio
785 3456 861 3516 dieo
888 3455 979 3534 quod
996 3463 1150 3534 potestas

189 3564 399 3621 sententia-udi
420 3564 585 3641 accipitur
608 3562 797 3641 tripliciter,
820 3571 857 3622 ut
881 3562 994 3622 statim
1019 3559 1148 3622 dictum
