2600 4200
232 199 297 274 360
458 196 533 258 Lm.
559 195 611 256 IV
636 195 943 259 seneennnnun

203 376 343 437 tertiam
367 376 458 436 viam
481 384 597 455 potest
619 376 685 436 dici
710 375 803 455 quod
833 377 940 455 major
964 387 1020 438 est
1042 397 1147 438 vera
1164 377 1206 437 de

203 491 334 563 agente
357 483 537 561 aequivoco
560 492 595 543 et
617 482 726 550 totali,
752 501 812 543 seu
827 483 1032 563 principali;
1056 485 1136 545 sed
1154 501 1206 544 se

202 588 357 649 cundum
381 589 482 648 istam
506 589 597 649 viam
623 589 716 668 ignis
740 607 809 648 non
833 598 885 650 est
908 608 1022 671 agens
1058 591 1201 670 princi·

204 694 285 774 pale
310 696 343 756 in
369 694 526 773 spiritum
551 695 626 755 sine
650 694 709 755 illa
732 695 938 757 detentione.
1034 767 1041 787 ἱ
1068 743 1075 752 .

553 939 736 1021 QoAEsrro
761 941 823 1002 ΙΙΙ.

327 1084 383 1142 Ad
403 1085 527 1143 tertiam
555 1085 764 1159 Quaestiouem
788 1087 832 1144 sr'c
849 1085 1055 1162 proceditur:

298 1242 446 1304 Videtur
468 1242 561 1322 quod
583 1242 740 1303 homines
752 1242 903 1304 damnati
915 1253 996 1322 post
1003 1243 1186 1323 judicium

207 1368 277 1410 non
301 1349 543 1410 cruciabuntur
565 1349 624 1410 illo
648 1350 731 1430 igne
754 1346 921 1418 infernali,
946 1351 1028 1429 quia
1062 1353 1185 1412 omnis

207 1458 324 1536 passio
348 1453 438 1516 facta
461 1457 574 1536 magis
598 1455 715 1535 abjicit
738 1475 758 1514 a
781 1455 983 1525 substantia,
997 1461 1026 1517 ό.
1048 1457 1184 1535 Taptia,-

204 1582 293 1643 ergo
317 1564 344 1623 si
370 1563 530 1623 continue
553 1563 785 1624 cruciarentur
808 1562 850 1622 ab
876 1564 941 1624 isto
958 1564 1040 1644 igne
1057 1566 1181 1646 magis

205 1688 248 1730 ac
271 1671 384 1749 magis
408 1669 649 1748 deperderetur
672 1687 789 1730 eorum
814 1669 1015 1739 substantia,
1040 1680 1077 1730 et
1110 1691 1180 1750 per

203 1795 422 1861 consequens
445 1784 541 1836 tento
564 1783 859 1847 consummatum
885 1794 978 1858 ergo.

302 1882 427 1942 Contra.
452 1881 566 1941 ΜαίίΙι.
591 1899 641 1957 25.
667 1882 758 1942 dicet
777 1881 886 1961 judex
909 1882 1108 1944 horninibus
1120 1885 1176 1962 ju·

204 1988 377 2049 dicendis:
402 1986 454 2047 Ite
477 1988 648 2048 maledicti
685 1989 719 2049 in
755 1989 871 2068 ignem
908 1998 1075 2050 aeternum
1110 1992 1170 2069 qui

207 2106 348 2176 paratus
372 2104 424 2155 est
447 2094 583 2156 diaholo
607 2105 641 2155 et
665 2095 799 2175 angelis
822 2093 909 2174 ejus;
943 2096 1049 2177 igitur
1081 2097 1173 2158 darn·

208 2204 279 2263 nati
304 2210 382 2281 post
402 2202 567 2280 judicium
591 2201 833 2263 cruciabuntur
856 2202 939 2283 igne
962 2200 1130 2264 infernali.

299 2307 342 2368 IN
366 2321 451 2368 Isrn
476 2305 710 2386 Quffisrronn
734 2318 816 2369 sunt
838 2310 1074 2389 principaliter
1105 2312 1170 2371 tria

207 2415 366 2475 videnda.

298 2609 447 2671 Primo
470 2610 561 2669 enim
586 2609 662 2669 dico
686 2609 778 2689 quod
802 2610 895 2690 ignis
918 2628 1071 2689 praesens
1099 2630 1169 2671 cor·

207 2718 283 2795 pori
308 2715 519 2795 corruptibili
545 2716 695 2776 animato
718 2717 833 2776 anima
855 2717 1021 2779 sensitiva
1054 2728 1167 2796 potest

207 2822 332 2883 habore
357 2824 391 2883 in
416 2822 500 2883 illud
527 2822 698 2901 duplicem
723 2825 901 2892 actionem,
926 2823 1086 2885 videlicet
1102 2845 1168 2884 rea-

207 2930 268 2988 lem
293 2948 371 3009 quae
394 2936 447 2989 est
470 2930 626 2997 univoca,
650 2938 685 2989 et
708 2929 975 3000 intentionalem,
1000 2950 1078 3011 quae
1102 2950 1167 2992 res·

207 3044 310 3114 pectu
335 3035 427 3096 illius
451 3044 503 3095 est
526 3036 715 3114 aequivoca,
740 3036 821 3115 quia
836 3036 979 3115 ‘species
995 3036 1165 3099 sensibilis

208 3160 277 3202 non
312 3142 512 3221 simpliciter
545 3152 598 3203 est
631 3142 784 3221 ejusdem
819 3143 944 3221 speciei
980 3162 1055 3203 eum
1092 3144 1164 3223 ipso

202 3249 351 3327 objecto.
377 3248 436 3309 Ad
458 3250 672 3328 propositum
696 3268 780 3329 crgo
797 3250 872 3309 dico
885 3248 977 3328 quod
992 3258 1071 3329 post
1081 3250 1164 3329 judi·

200 3356 299 3415 -cium
323 3374 446 3435 corpus
470 3355 618 3416 hominis
641 3374 718 3416 cum
743 3358 788 3417 sit
810 3374 920 3436 perse
936 3356 1159 3435 corruptibile,

208 3462 302 3542 ignis
326 3480 479 3540 praesens
505 3462 630 3540 poterit
654 3462 688 3523 in
724 3462 808 3523 illud
841 3462 966 3523 habere
1000 3472 1159 3541 utranque

201 3568 387 3636 actionem,
412 3569 493 3647 quia
517 3588 584 3628 non
608 3578 788 3649 repugnat,
814 3577 848 3629 et
871 3577 923 3629 est
946 3569 992 3628 ibi
1010 3578 1079 3629 tam
1095 3588 1159 3629 sus·
