2600 4200
337 255 525 318 Drsrmca.
549 255 598 318 XI
622 254 769 337 Quassr.
795 257 809 320 Ι
1011 275 1048 338 91

129 477 197 530 esse,
223 461 297 540 quia
332 470 508 542 utrumque
542 471 705 544 repugnat
739 462 929 540 aeternitati;
957 463 1014 526 sed
1037 463 1079 526 de

130 564 247 628 Christo
269 568 457 630 conceditur
480 589 546 630 non
569 589 639 630 esse
663 579 837 650 postesse,
869 569 944 651 quia
965 591 1078 633 conce-

131 672 204 734 ditur
227 684 385 748 mortuus
409 684 441 737 et
465 696 552 737 mors
575 676 654 738 dicit
678 697 743 738 non
775 697 853 750 esse,
874 675 949 759 quia
974 677 1081 739 vivere

131 778 298 843 viventibus
320 791 370 844 est
392 801 461 844 esse
482 801 513 844 2.
537 782 577 843 de
610 782 761 856 Am'ma,·
785 803 864 865 ergo
899 804 964 845 non
989 805 1081 864 repu-

131 895 198 966 gnat
219 887 349 951 Christo
373 897 410 950 ut
433 889 557 950 dicatur
581 889 622 951 de
644 910 685 951 eo
707 909 777 952 esse
799 901 873 971 post
908 910 973 952 non
1001 911 1078 952 esse.

131 1029 166 1037 —
186 994 343 1056 Praeterea
367 996 503 1056 mortale
537 1005 570 1058 et
608 996 792 1058 immortale
827 997 870 1058 ita
905 995 1080 1058 formaliter

131 1111 328 1180 opponuntur
351 1102 435 1163 sicut
457 1111 602 1164 creatum
626 1112 659 1164 et
682 1102 878 1177 increatum;
904 1104 960 1165 sed
989 1102 1081 1166 Chri-

130 1214 187 1267 stus
211 1229 284 1270 vere
319 1209 438 1270 dieitur
472 1209 618 1271 mortalis
651 1219 684 1271 et
720 1209 911 1272 immortalis
949 1219 1081 1292 propter

130 1322 248 1375 naturas
270 1315 431 1389 diversam
455 1336 535 1397 ergo
558 1315 701 1378 similiter
725 1325 832 1397 potest
862 1317 924 1378 dici
956 1326 1082 1378 creatus

129 1427 156 1478 et
176 1419 343 1483 increatus,

186 1636 289 1702 Alia
331 1623 485 1719 optiliu
517 1647 567 1698 est
601 1637 691 1726 quod
727 1636 786 1699 ista
821 1637 1000 1720 propositio
1035 1646 1083 1700 est

129 1741 305 1823 simpliciter
331 1743 539 1804 concedenda
559 1743 585 1804 si
608 1743 691 1804 bene
715 1742 920 1826 intelligatur.
936 1743 1082 1824 Nugatur

129 1856 228 1910 tamen
251 1851 313 1912 sub
340 1849 394 1911 illo
416 1850 580 1911 intellectu
605 1870 673 1931 quo
703 1849 906 1931 accipiebant
941 1850 1082 1913 haretici

128 1954 232 2018 Ariani
255 1958 403 2019 dicentes
426 1955 592 2019 Christum
616 1975 685 2017 esse
709 1975 825 2036 puram
850 1965 1041 2020 creaturam.

186 2063 284 2146 Quod
308 2072 421 2126 autem
445 2063 498 2124 illa
524 2061 703 2144 propositio
734 2061 882 2125 absolute
918 2063 1083 2145 loquendo

127 2171 163 2231 de
183 2172 300 2232 virtute
336 2170 494 2231 sermonis
528 2178 635 2250 potest
658 2169 801 2243 concedi,
838 2170 994 2251 probatur
1026 2192 1083 2252 per

127 2276 205 2339 dicta
226 2286 439 2352 sanctorum;
463 2276 541 2337 dicit
562 2276 649 2338 enim
667 2275 736 2337 Leo
755 2276 844 2357 Papa
861 2276 895 2337 iu
914 2274 1085 2343 Saturione:

128 2404 204 2446 nova
225 2396 258 2447 et
282 2383 430 2446 inaudita
451 2383 626 2445 conventio
646 2382 737 2444 Deus
760 2382 816 2463 qui
833 2392 880 2445 est
896 2391 929 2445 et
945 2383 1000 2463 qui
1016 2394 1084 2445 erat

126 2488 158 2551 lit
189 2501 347 2553 creatura.
384 2490 466 2551 Item
502 2490 727 2551 Damascenus
762 2488 834 2552 Lib,
856 2508 879 2567 j
903 2489 979 2550 dicit
1018 2491 1083 2552 sic:

128 2596 267 2661 Christus
302 2606 430 2660 creatus
452 2606 485 2658 et
507 2596 678 2670 increatus
703 2596 860 2677 passilibis
883 2604 916 2657 et
939 2597 1084 2677 impassi-

126 2704 199 2770 bilis.
214 2706 299 2767 Item
325 2704 534 2785 Augustinus
550 2703 586 2765 iu
603 2702 707 2767 Serm.
729 2703 767 2764 de
790 2702 934 2767 Nalinz't.
946 2726 958 2763 .·
983 2704 1086 2765 voluit

126 2830 188 2872 csse
210 2821 360 2873 creatura
382 2810 438 2891 qui
466 2820 515 2872 est
537 2819 674 2873 creator.
700 2810 781 2871 Item
807 2808 1028 2889 Hieronymus
1050 2810 1085 2871 iu

127 2918 226 2998 Epist.
250 2917 301 2980 ad
322 2915 505 3011 Ephesios:
529 2937 588 2978 nos
613 2916 710 2977 libere
733 2916 995 2997 proclamamus:
1021 2936 1085 2978 non

125 3035 169 3087 est
190 3025 374 3107 perleulum
410 3024 515 3085 dicere
543 3022 709 3094 Christum
744 3043 813 3084 esse
847 3044 962 3104 puram
999 3044 1086 3084 crea·

126 3139 239 3194 turam.

187 3241 300 3303 Potest
323 3239 422 3300 etiam
445 3237 499 3299 illa
523 3236 634 3318 opinio
658 3234 842 3297 confirmari
866 3257 922 3316 per
946 3244 1087 3316 quatuor

126 3347 263 3409 rationes
286 3344 389 3407 factas
405 3345 446 3405 ad
463 3343 638 3425 principale
655 3343 687 3403 in
708 3341 865 3423 principio
889 3342 1086 3423 quaestionis.

126 3452 364 3515 Verumtamen
388 3451 464 3532 quia
488 3450 638 3512 doctores
661 3448 805 3531 theologi
829 3448 945 3509 nolunt
969 3446 1088 3508 habere

126 3560 294 3641 opiniones
333 3576 526 3619 communes
560 3576 636 3617 cum
677 3554 844 3628 haereticis
870 3554 942 3615 ideo
974 3574 1088 3614 conve·

126 3667 249 3729 nienter
272 3673 381 3747 potest
404 3662 504 3727 teneri
539 3663 644 3745 prima
680 3661 789 3743 opinio
825 3669 957 3742 propter
993 3659 1087 3720 istam
