2600 4200
574 377 746 424 msriorcrlo
761 377 802 424 ri.

211 488 313 538 Querar.
328 489 346 530 Ι.
398 488 480 532 Utrum
497 488 521 530 ln
542 489 791 531 transubstantiatione
814 489 881 543 punis
901 495 1054 530 convertatur
1068 487 1092 530 in

396 559 486 614 Corpus
500 559 587 602 Christi
598 591 964 600 .......
1085 593 1090 599 .
1135 559 1176 600 142

211 632 312 679 Querar.
327 631 357 673 11.
395 632 420 673 Si
434 630 501 685 panis
514 630 538 672 in
551 631 599 672 ista
612 629 766 672 conversione
780 629 921 673 annihiletur
956 662 961 671 .
1019 663 1023 672 .
1082 663 1087 670 .
1132 630 1175 671 149

210 704 312 751 Querar.
327 703 369 744 111.
396 702 462 749 Quae
475 702 506 744 ait
520 701 619 745 materia
633 701 775 744 couveniens
789 702 860 757 hujus
875 701 1021 749 sacramenti
1084 734 1089 743 .
1135 701 1173 743 151

570 808 743 857 Dts‘rlrtcrro
757 809 809 850 XII.

211 896 313 944 Querar.
328 896 357 967 i.¹
399 896 479 938 Utrum
493 895 518 938 in
532 895 682 938 Eucharistia
696 895 726 939 sit
741 896 834 951 aliquod
848 898 958 940 accidens
978 896 1028 938 aine
1049 908 1089 937 su·

399 967 491 1010 b'ecto,
522 1000 527 1008 .
586 1001 590 1008 .
647 999 652 1008 r
710 1000 715 1009 .

211 1040 313 1087 Quinar.
328 1039 357 1080 ll.
397 980 478 1081 UJtrnm
493 1040 644 1094 quodcunque
658 1037 768 1082 accidens
783 1045 875 1082 maneat
890 1039 940 1082 sine
962 1039 1088 1093 subjecto.
1135 1039 1171 1080 161

563 1145 735 1188 DISTINCTIO
749 1145 814 1188 xrlr.

175 1261 178 1264 -
211 1232 313 1280 Querar.
329 1233 346 1274 Ι.
399 1233 480 1276 Utrum
504 1233 556 1275 sola
579 1234 672 1275 actione
695 1234 775 1277 divina
795 1239 876 1288 posset
896 1233 978 1277 confici
1001 1235 1091 1288 Corpus

397 1304 483 1346 Christi
520 1336 901 1347 ,,,,,,,
939 1334 964 1346 ..
1021 1337 1026 1346 ,
1083 1337 1087 1346 .
1134 1306 1173 1346 lto

211 1375 313 1423 Querar.
328 1375 358 1416 11.
396 1375 478 1418 Utrum
493 1374 589 1430 quilibet
603 1376 719 1418 Sacerdos
733 1375 854 1430 proferens
873 1378 945 1418 verba
964 1388 1090 1419 consecra-

397 1446 466 1489 tionis
481 1459 532 1489 cum
546 1447 674 1489 intentione
690 1448 768 1488 debita
782 1447 846 1488 circa
860 1447 979 1490 materiam
1001 1459 1088 1489 conue-

396 1517 496 1560 nientem
512 1524 592 1571 posset
606 1517 903 1560 coniicereiiucharistiam
959 1551 963 1559 .
1021 1551 1026 1559 .
1083 1551 1088 1560 .
1134 1519 1173 1560 176

213 1590 314 1637 Querar.
330 1588 371 1631 111.
399 1589 481 1632 Utrum
495 1589 519 1630 in
534 1588 595 1631 omni
609 1588 661 1631 loco
676 1589 707 1631 rit
720 1589 807 1632 licitum
822 1589 918 1632 Missam
934 1590 1052 1632 celebrare
1083 1621 1088 1630 .
1133 1591 1173 1631 179

567 1695 739 1737 DlS'i'iNCTIO
753 1695 816 1738 xlv.

212 1784 313 1832 Querar.
330 1784 347 1824 l.
400 1783 482 1825 Utrum
497 1781 641 1838 poenitentia
655 1784 789 1826 necessario
805 1785 936 1838 requiratur
950 1785 979 1826 ad
990 1783 1128 1826 deletionem

397 1855 489 1908 peccati
503 1853 608 1896 mortalia
646 1885 1087 1896 ........
1133 1855 1172 1895 183

211 1926 313 1972 Querar.
329 1925 358 1966 il.
398 1925 479 1968 Utrum
494 1931 561 1966 actus
571 1923 705 1980 poenitendi
716 1925 841 1980 requisitus
851 1927 881 1967 ad
892 1912 1027 1968 deletionem
1039 1938 1091 1980 pec-

397 1995 445 2038 cati
458 1995 562 2037 mortalis
577 1996 608 2037 sit
622 2001 690 2037 actus
705 1995 804 2051 alicujus
819 1997 912 2037 virtutis
959 2028 963 2036 .
1021 2028 1025 2036 .
1084 2027 1088 2037 .
1133 1997 1172 2038 188

211 2069 313 2116 Querar.
329 2067 370 2110 lli.
398 2067 480 2111 Utrum
494 2066 637 2122 poenitentia
651 2067 727 2109 virtus
748 2067 778 2110 sit
802 2073 890 2109 tantum
912 2067 980 2109 unius
1001 2079 1090 2121 poenae

397 2137 512 2181 mflicuva
523 2170 838 2181 ,,,,,,
855 2140 868 2169 l·
897 2172 902 2179 .
959 2170 963 2179 .
1021 2171 1025 2180 .
1083 2172 1088 2180 .
1133 2140 1170 2181 191

575 2245 745 2287 ΒΙὸΤΙΝΟΤΙΟ
759 2244 809 2287 XV.

212 2336 313 2383 Quimr.
328 2335 346 2376 I.
398 2334 480 2377 Utrum
495 2327 589 2377 cuilibet
603 2340 702 2389 peccato
716 2334 803 2377 actuali
817 2336 999 2388 correspondeat
1018 2335 1089 2377 sads-

396 2405 468 2448 factio
482 2406 577 2461 propria
586 2436 1089 2447 .........
1134 2408 1172 2448 195

211 2479 313 2526 Querar.
328 2478 358 2519 il.
396 2477 478 2519 Utrum
493 2477 623 2532 quicunque
637 2477 735 2519 abstulit
749 2482 772 2519 et
787 2478 871 2519 retinet
887 2490 933 2519 rem
949 2478 1047 2520 alienam
1058 2484 1091 2520 te·

397 2554 481 2591 neatur
493 2548 558 2591 illam
572 2550 695 2592 restituere
711 2580 1088 2591 .......
1131 2550 1172 2591 atil

212 2622 313 2669 Querar.
329 2620 370 2661 lll.
399 2620 480 2661 Utrum
489 2619 640 2662 damniticans
648 2620 718 2662 alium
726 2619 749 2661 in
759 2619 824 2661 bonis
836 2620 940 2675 corporis
951 2620 988 2662 vol
999 2622 1090 2663 animae

398 2697 506 2733 teneatur
520 2692 629 2733 restiture
643 2692 674 2733 ad
688 2692 732 2733 hoc
746 2692 807 2745 quod
822 2704 877 2734 vere
888 2693 962 2746 possit
972 2692 1090 2747 poenitere
1130 2693 1171 2735 2111

567 2798 738 2839 DIsrmc'rro
753 2798 815 2839 XVI.

213 2888 314 2935 Querar.
330 2886 348 2929 1.
400 2886 483 2929 Utrum
497 2886 603 2929 remissie
618 2886 702 2941 culpae
717 2894 741 2929 et
753 2886 840 2931 infusio
864 2889 956 2943 gratiae
977 2887 1023 2930 eint
1044 2900 1091 2930 una

398 2957 494 3012 simplex
509 2958 606 3000 mutatio
648 2990 1087 3001 ........
1129 2960 1170 3002 em

212 3031 314 3077 Querar.
330 3030 359 3071 Il.
398 3030 481 3073 Utrum
495 3029 526 3072 sit
540 3029 699 3072 necessarium
711 3030 831 3084 peccatori
841 3031 975 3074 adsalutem
986 3030 1090 3073 couriteri

402 3100 480 3143 omnia
493 3108 592 3155 peccata
605 3113 649 3143 sua
663 3102 785 3144 Sacerdoti
836 3134 1087 3145 .....
1130 3104 1171 3146 210

555 3208 727 3250 DISTINC‘l'lO
741 3210 829 3251 xviri.

212 3298 314 3345 Qrurtsr.
330 3298 347 3337 l.
400 3297 482 3339 Utrum
498 3296 592 3339 cuilibet
606 3298 728 3339 Sacerdoti
742 3297 766 3339 in
781 3298 930 3353 susceptione
944 3296 1035 3340 Ordinis
1050 3310 1089 3341 ee-

397 3368 495 3410 cerdotii
509 3369 592 3410 dentur
606 3369 687 3411 claves
702 3370 770 3423 regni
787 3370 903 3412 coelorum
960 3402 965 3411 .
1022 3402 1028 3411 .
1084 3404 1088 3413 .
1130 3370 1171 3413 219

212 3440 314 3487 Querar.
329 3439 359 3481 il.
399 3440 481 3481 Utrum
489 3446 594 3493 potestas
602 3440 704 3482 clavium
714 3446 804 3483 tanturn
820 3452 845 3483 aa
862 3442 971 3483 extendat
987 3443 1018 3483 ad
1033 3452 1089 3495 poe-

397 3523 451 3553 nam
469 3510 620 3565 temporalem
649 3543 1088 3554 ........
1130 3512 1170 3555 224

212 3582 313 3630 Qurnsr.
330 3581 371 3624 111.
399 3582 481 3625 Utrum
496 3587 602 3637 potestas
617 3582 718 3625 clarium
733 3594 759 3625 se
774 3584 884 3627 extendat
898 3584 928 3626 ad
939 3583 1090 3627 excommuni-

398 3652 522 3707 cationem,
536 3652 570 3697 ite
584 3654 645 3708 quod
660 3659 724 3697 recte
738 3656 789 3709 quis
804 3654 878 3709 possit
898 3654 1090 3699 excommunicari
1130 3656 1171 3699 2⁸26
