2600 4200
227 268 286 335 ¹92
489 251 564 313 Lm.
590 249 634 312 111
659 248 954 313 Sturnurmnuu

199 478 304 533 veruS,
322 458 366 521 ita
381 457 471 540 quod
495 457 676 519 intellectus
699 453 783 515 circa
807 454 951 535 primum
967 450 1167 533 principium

200 586 266 629 non
290 574 395 639 errat,
424 584 481 647 per
506 562 810 627 Commentatorem
833 578 864 622 2.
889 557 1058 640 Mum:
1082 577 1172 639 ergo

201 672 344 735 similiter
368 672 518 735 voluntas
542 667 762 750 indiligendo
797 667 951 729 ultimum
984 663 1083 727 tinem
1120 666 1171 727 ita

201 780 290 862 quod
314 779 481 861 diligendo
504 777 612 859 ipsum
636 795 764 856 semper
780 774 850 855 ejus
872 783 965 835 actus
980 781 1028 835 est
1047 782 1169 837 rectus,

275 989 499 1077 errantum
540 989 604 1055 ad
636 989 878 1054 nectendum
915 985 1170 1053 Articulum

202 1107 251 1160 est
274 1118 339 1159 una
362 1097 473 1179 opinio
496 1096 586 1178 quod
611 1105 726 1158 natura
758 1116 823 1157 non
858 1104 966 1175 potest
988 1094 1020 1156 in
1054 1101 1172 1155 actum

204 1206 301 1267 istum
326 1204 381 1286 qui
405 1214 453 1265 est
476 1203 609 1285 diligere
633 1202 743 1265 Deum
766 1222 863 1283 super
886 1201 997 1264 omnia
1019 1200 1086 1262 sine
1109 1199 1171 1260 ha-

204 1312 273 1373 bitu
297 1309 461 1373 charitatis
485 1308 601 1384 infuso,
626 1309 702 1396 quia
725 1293 832 1371 nullus
855 1316 963 1391 potest
982 1307 1173 1370 naturaliter

205 1418 314 1481 Deum
339 1417 472 1499 diligere
495 1416 669 1498 plusquam
685 1436 729 1490 se,
745 1426 817 1477 tum
833 1416 911 1497 quia
926 1424 1041 1477 natura
1063 1415 1174 1475 deter-

206 1524 348 1587 minatur
371 1524 413 1586 ad
437 1524 659 1605 appetendum
683 1544 752 1589 esse
783 1522 962 1605 proprium,
985 1532 1057 1584 tum
1090 1520 1176 1603 qnia

205 1630 347 1693 amicitia
370 1651 445 1712 quae
469 1639 518 1692 est
541 1630 582 1693 ad
605 1630 743 1692 alterum
766 1639 815 1692 est
849 1651 892 1694 ex
919 1630 1059 1692 amicitia
1092 1648 1175 1710 quae

205 1738 318 1801 estad
342 1758 385 1812 se,
406 1747 477 1799 tum
502 1738 577 1819 quia
601 1737 742 1799 amicitia
766 1735 920 1799 fundatur
943 1758 1039 1819 super
1061 1735 1178 1816 aliqua

208 1845 340 1919 unitate,
365 1852 436 1905 turn
461 1844 558 1906 etiam
582 1844 659 1927 quia
682 1844 817 1925 quilibet
839 1855 929 1906 amat
952 1864 986 1905 se
1009 1853 1176 1925 quantum

207 1960 323 2033 potest,
348 1959 381 2013 et
415 1950 487 2012 haec
521 1950 632 2013 omnia
666 1951 886 2033 tangebantur
919 1950 952 2013 in
981 1970 1013 2013 2.
1040 1959 1102 2012 art.
1126 1951 1177 2013 ad

208 2056 393 2141 principale.

275 2164 356 2226 Alta
379 2173 426 2226 cst
447 2165 553 2245 opiur'o
576 2185 677 2246 quam
700 2174 805 2239 tene0,
822 2166 912 2247 quod
928 2165 1180 2246 circumscripto

208 2271 321 2333 habitu
346 2270 510 2333 charitatis
534 2271 640 2332 infuso
677 2281 791 2334 natura
826 2281 933 2352 potest
956 2272 988 2333 in
1012 2271 1099 2333 hunc
1122 2292 1180 2334 ac·

208 2388 281 2441 tum
305 2377 360 2460 qui
384 2386 432 2439 est
456 2377 586 2459 diligere
611 2378 720 2440 Deum
752 2399 848 2460 super
883 2379 1002 2451 omnia,
1028 2378 1180 2440 maxime

209 2484 235 2546 si
260 2483 433 2566 loquamur
451 2485 491 2545 de
514 2493 599 2545 statu
624 2494 749 2547 naturae
773 2484 939 2558 institutae,
954 2485 1040 2547 unde
1056 2485 1179 2567 Augu-

210 2591 312 2654 stinus
329 2591 363 2652 iu
382 2591 452 2654 Lib.
469 2590 507 2652 du
522 2591 594 2674 fide
610 2591 659 2652 ad
671 2591 825 2654 Petrum:
849 2591 979 2674 spiritus
1003 2592 1183 2655 rationales

211 2699 255 2760 ita
278 2698 399 2759 creavit
423 2699 513 2758 Deus
548 2706 584 2759 ut
619 2698 726 2779 ipsum
762 2700 835 2780 plus
869 2698 1039 2781 diligerent
1072 2719 1178 2780 quam

210 2803 341 2886 seipsos.
368 2803 411 2864 Et
436 2803 520 2864 idem
547 2805 582 2866 iu
607 2803 677 2866 Lib.
695 2813 865 2866 retractat:
892 2804 1099 2887 magis-mihi
1123 2807 1180 2868 de·

211 2911 274 2973 beo
290 2931 390 2992 quam
415 2910 527 2972 ceteris
551 2911 747 2985 hominibus,
771 2913 828 2974 sed
853 2912 957 2994 magis
980 2912 1054 2973 Deo
1074 2933 1179 2994 quam

213 3016 300 3079 mihi.
323 3017 367 3078 Et
391 3017 507 3079 iterum
532 3018 567 3079 iu
591 3017 663 3080 Lib.
680 3018 719 3080 de
742 3039 820 3081 vera
843 3018 1000 3101 religione
1022 3019 1118 3081 dicit:
1137 3021 1183 3082 de

211 3123 407 3205 perfectione
429 3124 562 3204 justitiae
594 3133 642 3186 est
665 3125 756 3206 quod
791 3125 895 3207 magis
930 3125 1040 3188 Deum
1075 3147 1180 3207 quam

212 3251 271 3292 nos
296 3229 478 3312 diligamus.

280 3337 449 3411 Praeterea,
475 3338 631 3418 probatur
666 3337 751 3399 idem
787 3359 844 3420 per
879 3339 1027 3412 rationem
1051 3338 1131 3421 quia
1154 3339 1180 3401 si

214 3442 315 3504 homo
340 3463 404 3504 non
433 3452 539 3524 potest
562 3444 695 3526 diligere
718 3445 827 3507 Deum
864 3446 1038 3527 plusquam
1061 3466 1096 3508 se
1120 3444 1185 3509 nisi

214 3570 271 3631 per
306 3549 506 3624 charitatem,
533 3559 609 3613 tunc
633 3551 734 3613 homo
757 3560 865 3632 potest
888 3553 967 3614 scire
990 3553 1015 3614 si
1040 3563 1126 3616 esset
1149 3555 1182 3615 in

215 3655 372 3718 charitate
396 3657 444 3718 vel
470 3677 544 3732 non,
558 3659 634 3739 quia
658 3666 766 3739 potest
788 3659 868 3722 scire
890 3659 915 3721 si
939 3658 1044 3742 diligit
1068 3661 1184 3724 Deum
