<?xml version="1.0" encoding="UTF-8"?>
<!DOCTYPE html PUBLIC "-//W3C//DTD XHTML 1.0 Transitional//EN"
    "http://www.w3.org/TR/xhtml1/DTD/xhtml1-transitional.dtd">
<html xmlns="http://www.w3.org/1999/xhtml" xml:lang="en" lang="en">
 <head>
  <title>
</title>
<meta http-equiv="Content-Type" content="text/html;charset=utf-8" />
  <meta name='ocr-system' content='tesseract 3.04.00' />
  <meta name='ocr-capabilities' content='ocr_page ocr_carea ocr_par ocr_line ocrx_word'/>
</head>
<body>
  <div class='ocr_page' id='page_1' title='image "./commentariainli02scotgoog_0031.png"; bbox 0 0 2600 4200; ppageno 0'>
   <div class='ocr_carea' id='block_1_1' title="bbox 372 209 1065 293">
    <p class='ocr_par' dir='ltr' id='par_1_1' title="bbox 372 209 1065 293">
     <span class='ocr_line' id='line_1_1' title="bbox 372 209 1065 293; baseline 0.007 -21"><span class='ocrx_word' id='word_1_1' title='bbox 372 211 561 274; x_wconf 78' lang='lat' dir='ltr'>Drsrrucr.</span> <span class='ocrx_word' id='word_1_2' title='bbox 585 211 600 274; x_wconf 90' lang='lat'>1</span> <span class='ocrx_word' id='word_1_3' title='bbox 624 210 772 292; x_wconf 68' lang='lat' dir='ltr'>Quasr.</span> <span class='ocrx_word' id='word_1_4' title='bbox 795 209 844 276; x_wconf 85' lang='grc' dir='ltr'>ΙΙΙ</span> <span class='ocrx_word' id='word_1_5' title='bbox 1029 229 1065 293; x_wconf 79' lang='lat'>15</span> 
     </span>
    </p>
   </div>
   <div class='ocr_carea' id='block_1_2' title="bbox 109 417 1089 3703">
    <p class='ocr_par' dir='ltr' id='par_1_2' title="bbox 111 417 1089 2402">
     <span class='ocr_line' id='line_1_2' title="bbox 119 417 1089 500; baseline 0.001 -20"><span class='ocrx_word' id='word_1_6' title='bbox 119 418 226 480; x_wconf 85' lang='lat' dir='ltr'>dentia</span> <span class='ocrx_word' id='word_1_7' title='bbox 250 417 419 478; x_wconf 80' lang='lat' dir='ltr'>essentiali</span> <span class='ocrx_word' id='word_1_8' title='bbox 443 437 547 478; x_wconf 91' lang='lat' dir='ltr'>unum</span> <span class='ocrx_word' id='word_1_9' title='bbox 570 417 758 498; x_wconf 92' lang='lat' dir='ltr'>dependens</span> <span class='ocrx_word' id='word_1_10' title='bbox 776 418 911 500; x_wconf 84' lang='lat' dir='ltr'>praecise</span> <span class='ocrx_word' id='word_1_11' title='bbox 926 418 1089 500; x_wconf 85' lang='lat' dir='ltr'>dependet</span> 
     </span>
     <span class='ocr_line' id='line_1_3' title="bbox 117 523 1088 606; baseline 0.002 -20"><span class='ocrx_word' id='word_1_12' title='bbox 117 525 156 586; x_wconf 87' lang='lat' dir='ltr'>ad</span> <span class='ocrx_word' id='word_1_13' title='bbox 191 545 304 587; x_wconf 91' lang='lat' dir='ltr'>unum</span> <span class='ocrx_word' id='word_1_14' title='bbox 341 525 431 604; x_wconf 94' lang='lat' dir='ltr'>quod</span> <span class='ocrx_word' id='word_1_15' title='bbox 466 523 608 585; x_wconf 91' lang='lat' dir='ltr'>totaliter</span> <span class='ocrx_word' id='word_1_16' title='bbox 631 523 784 586; x_wconf 87' lang='lat' dir='ltr'>terminat</span> <span class='ocrx_word' id='word_1_17' title='bbox 806 524 878 604; x_wconf 87' lang='lat' dir='ltr'>ejus</span> <span class='ocrx_word' id='word_1_18' title='bbox 906 526 1088 606; x_wconf 89' lang='lat' dir='ltr'>dependen-</span> 
     </span>
     <span class='ocr_line' id='line_1_4' title="bbox 118 620 1088 712; baseline 0.001 -20"><span class='ocrx_word' id='word_1_19' title='bbox 118 631 213 692; x_wconf 87' lang='lat' dir='ltr'>tiam:</span> <span class='ocrx_word' id='word_1_20' title='bbox 232 632 293 693; x_wconf 88' lang='lat' dir='ltr'>sed</span> <span class='ocrx_word' id='word_1_21' title='bbox 318 620 352 692; x_wconf 79' lang='lat' dir='ltr'>in</span> <span class='ocrx_word' id='word_1_22' title='bbox 377 630 429 692; x_wconf 89' lang='lat' dir='ltr'>illa</span> <span class='ocrx_word' id='word_1_23' title='bbox 460 630 684 712; x_wconf 84' lang='lat' dir='ltr'>assumptione</span> <span class='ocrx_word' id='word_1_24' title='bbox 706 640 755 692; x_wconf 91' lang='lat' dir='ltr'>est</span> <span class='ocrx_word' id='word_1_25' title='bbox 789 631 1006 712; x_wconf 85' lang='lat' dir='ltr'>dependentia</span> <span class='ocrx_word' id='word_1_26' title='bbox 1039 653 1088 694; x_wconf 88' lang='lat' dir='ltr'>es-</span> 
     </span>
     <span class='ocr_line' id='line_1_5' title="bbox 118 737 1087 818; baseline 0.001 -19"><span class='ocrx_word' id='word_1_27' title='bbox 118 739 257 799; x_wconf 85' lang='lat' dir='ltr'>sentialis</span> <span class='ocrx_word' id='word_1_28' title='bbox 300 737 397 798; x_wconf 88' lang='lat' dir='ltr'>unius</span> <span class='ocrx_word' id='word_1_29' title='bbox 436 746 561 799; x_wconf 74' lang='lat' dir='ltr'>naturae</span> <span class='ocrx_word' id='word_1_30' title='bbox 596 747 627 799; x_wconf 89' lang='lat' dir='ltr'>et</span> <span class='ocrx_word' id='word_1_31' title='bbox 666 758 732 799; x_wconf 90' lang='lat' dir='ltr'>una</span> <span class='ocrx_word' id='word_1_32' title='bbox 770 757 908 818; x_wconf 89' lang='lat' dir='ltr'>persona</span> <span class='ocrx_word' id='word_1_33' title='bbox 946 739 1087 800; x_wconf 85' lang='lat' dir='ltr'>totaliter</span> 
     </span>
     <span class='ocr_line' id='line_1_6' title="bbox 120 844 1087 925; baseline 0.001 -19"><span class='ocrx_word' id='word_1_34' title='bbox 120 845 274 906; x_wconf 84' lang='lat' dir='ltr'>terminat</span> <span class='ocrx_word' id='word_1_35' title='bbox 299 864 391 918; x_wconf 91' lang='lat' dir='ltr'>eam;</span> <span class='ocrx_word' id='word_1_36' title='bbox 427 864 506 925; x_wconf 85' lang='lat' dir='ltr'>ergo</span> <span class='ocrx_word' id='word_1_37' title='bbox 539 844 623 906; x_wconf 92' lang='lat' dir='ltr'>idem</span> <span class='ocrx_word' id='word_1_38' title='bbox 661 858 727 906; x_wconf 91' lang='lat' dir='ltr'>non</span> <span class='ocrx_word' id='word_1_39' title='bbox 756 853 864 925; x_wconf 88' lang='lat' dir='ltr'>potest</span> <span class='ocrx_word' id='word_1_40' title='bbox 899 844 961 906; x_wconf 91' lang='lat' dir='ltr'>hoc</span> <span class='ocrx_word' id='word_1_41' title='bbox 986 846 1087 908; x_wconf 93' lang='lat' dir='ltr'>modo</span> 
     </span>
     <span class='ocr_line' id='line_1_7' title="bbox 119 951 1087 1034; baseline 0.001 -21"><span class='ocrx_word' id='word_1_42' title='bbox 119 951 306 1033; x_wconf 88' lang='lat' dir='ltr'>dependere</span> <span class='ocrx_word' id='word_1_43' title='bbox 330 951 373 1012; x_wconf 92' lang='lat' dir='ltr'>ad</span> <span class='ocrx_word' id='word_1_44' title='bbox 408 952 516 1032; x_wconf 90' lang='lat' dir='ltr'>plures</span> <span class='ocrx_word' id='word_1_45' title='bbox 551 971 705 1032; x_wconf 85' lang='lat' dir='ltr'>personas</span> <span class='ocrx_word' id='word_1_46' title='bbox 742 960 775 1012; x_wconf 90' lang='lat' dir='ltr'>et</span> <span class='ocrx_word' id='word_1_47' title='bbox 809 951 929 1013; x_wconf 86' lang='lat' dir='ltr'>assumi</span> <span class='ocrx_word' id='word_1_48' title='bbox 963 973 983 1013; x_wconf 91' lang='lat' dir='ltr'>a</span> <span class='ocrx_word' id='word_1_49' title='bbox 1019 953 1087 1034; x_wconf 92' lang='lat' dir='ltr'>plu·</span> 
     </span>
     <span class='ocr_line' id='line_1_8' title="bbox 118 1054 1086 1140; baseline 0.001 -20"><span class='ocrx_word' id='word_1_50' title='bbox 118 1058 203 1120; x_wconf 90' lang='lat' dir='ltr'>ribus</span> <span class='ocrx_word' id='word_1_51' title='bbox 241 1058 400 1140; x_wconf 84' lang='lat' dir='ltr'>personis¹</span> <span class='ocrx_word' id='word_1_52' title='bbox 437 1059 552 1140; x_wconf 57' lang='lat' dir='ltr'>illusor</span> <span class='ocrx_word' id='word_1_53' title='bbox 577 1059 744 1139; x_wconf 91' lang='lat' dir='ltr'>probatur.</span> <span class='ocrx_word' id='word_1_54' title='bbox 777 1055 864 1138; x_wconf 83' lang='lat' dir='ltr'>Quia</span> <span class='ocrx_word' id='word_1_55' title='bbox 888 1054 1086 1140; x_wconf 90' lang='lat' dir='ltr'>impossibile</span> 
     </span>
     <span class='ocr_line' id='line_1_9' title="bbox 117 1165 1085 1246; baseline 0.002 -20"><span class='ocrx_word' id='word_1_56' title='bbox 117 1177 161 1226; x_wconf 77' lang='lat' dir='ltr'>est</span> <span class='ocrx_word' id='word_1_57' title='bbox 201 1166 294 1228; x_wconf 90' lang='lat' dir='ltr'>idem</span> <span class='ocrx_word' id='word_1_58' title='bbox 334 1175 504 1226; x_wconf 88' lang='lat' dir='ltr'>causatum</span> <span class='ocrx_word' id='word_1_59' title='bbox 544 1165 663 1226; x_wconf 89' lang='lat' dir='ltr'>habere</span> <span class='ocrx_word' id='word_1_60' title='bbox 700 1165 808 1246; x_wconf 91' lang='lat' dir='ltr'>plures</span> <span class='ocrx_word' id='word_1_61' title='bbox 831 1185 945 1226; x_wconf 83' lang='lat' dir='ltr'>causas</span> <span class='ocrx_word' id='word_1_62' title='bbox 978 1186 1085 1228; x_wconf 89' lang='lat' dir='ltr'>essen-</span> 
     </span>
     <span class='ocr_line' id='line_1_10' title="bbox 118 1271 1083 1354; baseline 0 -20"><span class='ocrx_word' id='word_1_63' title='bbox 118 1273 206 1334; x_wconf 90' lang='lat' dir='ltr'>tiales</span> <span class='ocrx_word' id='word_1_64' title='bbox 231 1293 303 1333; x_wconf 89' lang='lat' dir='ltr'>uno</span> <span class='ocrx_word' id='word_1_65' title='bbox 328 1292 445 1354; x_wconf 83' lang='lat' dir='ltr'>genere</span> <span class='ocrx_word' id='word_1_66' title='bbox 457 1272 611 1333; x_wconf 89' lang='lat' dir='ltr'>causandi</span> <span class='ocrx_word' id='word_1_67' title='bbox 628 1271 778 1352; x_wconf 89' lang='lat' dir='ltr'>aquibus</span> <span class='ocrx_word' id='word_1_68' title='bbox 791 1272 991 1352; x_wconf 86' lang='lat' dir='ltr'>dependeat;</span> <span class='ocrx_word' id='word_1_69' title='bbox 1006 1282 1083 1334; x_wconf 90' lang='lat' dir='ltr'>tunc</span> 
     </span>
     <span class='ocr_line' id='line_1_11' title="bbox 116 1378 1083 1460; baseline 0.001 -20"><span class='ocrx_word' id='word_1_70' title='bbox 116 1381 202 1441; x_wconf 87' lang='lat' dir='ltr'>enim</span> <span class='ocrx_word' id='word_1_71' title='bbox 228 1379 354 1459; x_wconf 89' lang='lat' dir='ltr'>aliquid</span> <span class='ocrx_word' id='word_1_72' title='bbox 379 1387 486 1459; x_wconf 87' lang='lat' dir='ltr'>potest</span> <span class='ocrx_word' id='word_1_73' title='bbox 509 1399 578 1440; x_wconf 88' lang='lat' dir='ltr'>esse</span> <span class='ocrx_word' id='word_1_74' title='bbox 600 1378 765 1459; x_wconf 86' lang='lat' dir='ltr'>abaliquo</span> <span class='ocrx_word' id='word_1_75' title='bbox 784 1387 819 1439; x_wconf 94' lang='lat' dir='ltr'>ut</span> <span class='ocrx_word' id='word_1_76' title='bbox 842 1399 861 1438; x_wconf 92' lang='lat' dir='ltr'>a</span> <span class='ocrx_word' id='word_1_77' title='bbox 884 1398 992 1450; x_wconf 86' lang='lat' dir='ltr'>causa,</span> <span class='ocrx_word' id='word_1_78' title='bbox 1016 1400 1083 1460; x_wconf 88' lang='lat' dir='ltr'>quo</span> 
     </span>
     <span class='ocr_line' id='line_1_12' title="bbox 116 1485 1079 1566; baseline 0 -19"><span class='ocrx_word' id='word_1_79' title='bbox 116 1487 223 1566; x_wconf 90' lang='lat' dir='ltr'>posito</span> <span class='ocrx_word' id='word_1_80' title='bbox 247 1495 283 1548; x_wconf 90' lang='lat' dir='ltr'>et</span> <span class='ocrx_word' id='word_1_81' title='bbox 307 1495 434 1547; x_wconf 86' lang='lat' dir='ltr'>remoto</span> <span class='ocrx_word' id='word_1_82' title='bbox 458 1485 668 1547; x_wconf 89' lang='lat' dir='ltr'>nihilominus</span> <span class='ocrx_word' id='word_1_83' title='bbox 683 1495 774 1546; x_wconf 90' lang='lat' dir='ltr'>esset.</span> <span class='ocrx_word' id='word_1_84' title='bbox 792 1485 907 1546; x_wconf 64' lang='lat' dir='ltr'>illr&#39;rror</span> <span class='ocrx_word' id='word_1_85' title='bbox 923 1485 1079 1566; x_wconf 87' lang='lat' dir='ltr'>probatur</span> 
     </span>
     <span class='ocr_line' id='line_1_13' title="bbox 115 1591 1080 1674; baseline 0 -20"><span class='ocrx_word' id='word_1_86' title='bbox 115 1594 213 1654; x_wconf 86' lang='lat' dir='ltr'>etiam</span> <span class='ocrx_word' id='word_1_87' title='bbox 238 1593 318 1674; x_wconf 89' lang='lat' dir='ltr'>quia</span> <span class='ocrx_word' id='word_1_88' title='bbox 343 1593 552 1674; x_wconf 86' lang='lat' dir='ltr'>personalitas</span> <span class='ocrx_word' id='word_1_89' title='bbox 587 1601 718 1653; x_wconf 87' lang='lat' dir='ltr'>causata</span> <span class='ocrx_word' id='word_1_90' title='bbox 752 1591 893 1653; x_wconf 87' lang='lat' dir='ltr'>totaliter</span> <span class='ocrx_word' id='word_1_91' title='bbox 928 1593 1080 1654; x_wconf 83' lang='lat' dir='ltr'>terminat</span> 
     </span>
     <span class='ocr_line' id='line_1_14' title="bbox 114 1698 1083 1781; baseline 0 -21"><span class='ocrx_word' id='word_1_92' title='bbox 114 1699 370 1781; x_wconf 80' lang='lat' dir='ltr'>dependentium</span> <span class='ocrx_word' id='word_1_93' title='bbox 396 1709 532 1770; x_wconf 74' lang='lat' dir='ltr'>naturae,</span> <span class='ocrx_word' id='word_1_94' title='bbox 553 1707 589 1760; x_wconf 90' lang='lat' dir='ltr'>ut</span> <span class='ocrx_word' id='word_1_95' title='bbox 613 1699 673 1760; x_wconf 87' lang='lat' dir='ltr'>ista</span> <span class='ocrx_word' id='word_1_96' title='bbox 696 1707 802 1759; x_wconf 90' lang='lat' dir='ltr'>stante</span> <span class='ocrx_word' id='word_1_97' title='bbox 825 1718 891 1760; x_wconf 92' lang='lat' dir='ltr'>non</span> <span class='ocrx_word' id='word_1_98' title='bbox 915 1699 1016 1779; x_wconf 89' lang='lat' dir='ltr'>possit</span> <span class='ocrx_word' id='word_1_99' title='bbox 1030 1698 1083 1760; x_wconf 86' lang='lat' dir='ltr'>ha-</span> 
     </span>
     <span class='ocr_line' id='line_1_15' title="bbox 114 1804 1083 1885; baseline -0.002 -17"><span class='ocrx_word' id='word_1_100' title='bbox 114 1807 187 1868; x_wconf 88' lang='lat' dir='ltr'>bere</span> <span class='ocrx_word' id='word_1_101' title='bbox 211 1808 331 1880; x_wconf 88' lang='lat' dir='ltr'>aliam;</span> <span class='ocrx_word' id='word_1_102' title='bbox 366 1807 422 1867; x_wconf 91' lang='lat' dir='ltr'>sed</span> <span class='ocrx_word' id='word_1_103' title='bbox 459 1825 524 1867; x_wconf 92' lang='lat' dir='ltr'>non</span> <span class='ocrx_word' id='word_1_104' title='bbox 549 1805 656 1866; x_wconf 86' lang='lat' dir='ltr'>minus</span> <span class='ocrx_word' id='word_1_105' title='bbox 693 1804 845 1867; x_wconf 92' lang='lat' dir='ltr'>terminat</span> <span class='ocrx_word' id='word_1_106' title='bbox 878 1825 952 1866; x_wconf 90' lang='lat' dir='ltr'>eam</span> <span class='ocrx_word' id='word_1_107' title='bbox 977 1826 1083 1885; x_wconf 86' lang='lat' dir='ltr'>perso·</span> 
     </span>
     <span class='ocr_line' id='line_1_16' title="bbox 115 1911 1080 1994; baseline -0.001 -21"><span class='ocrx_word' id='word_1_108' title='bbox 115 1914 231 1975; x_wconf 82' lang='lat' dir='ltr'>nalitas</span> <span class='ocrx_word' id='word_1_109' title='bbox 256 1933 405 1994; x_wconf 74' lang='lat' dir='ltr'>personae</span> <span class='ocrx_word' id='word_1_110' title='bbox 430 1911 550 1974; x_wconf 83' lang='lat' dir='ltr'>divinae</span> <span class='ocrx_word' id='word_1_111' title='bbox 575 1933 676 1993; x_wconf 86' lang='lat' dir='ltr'>quam</span> <span class='ocrx_word' id='word_1_112' title='bbox 700 1911 909 1993; x_wconf 88' lang='lat' dir='ltr'>personalitas</span> <span class='ocrx_word' id='word_1_113' title='bbox 933 1932 1080 1992; x_wconf 80' lang='lat' dir='ltr'>persona·</span> 
     </span>
     <span class='ocr_line' id='line_1_17' title="bbox 114 2018 1079 2100; baseline -0.002 -20"><span class='ocrx_word' id='word_1_114' title='bbox 114 2031 243 2082; x_wconf 78' lang='lat' dir='ltr'>creatae.</span> <span class='ocrx_word' id='word_1_115' title='bbox 272 2019 305 2082; x_wconf 88' lang='lat' dir='ltr'>Si</span> <span class='ocrx_word' id='word_1_116' title='bbox 331 2030 479 2082; x_wconf 87' lang='lat' dir='ltr'>teneatur</span> <span class='ocrx_word' id='word_1_117' title='bbox 503 2020 562 2082; x_wconf 90' lang='lat' dir='ltr'>ista</span> <span class='ocrx_word' id='word_1_118' title='bbox 586 2018 697 2100; x_wconf 90' lang='lat' dir='ltr'>opinio</span> <span class='ocrx_word' id='word_1_119' title='bbox 727 2039 802 2100; x_wconf 85' lang='lat' dir='ltr'>quae</span> <span class='ocrx_word' id='word_1_120' title='bbox 827 2018 991 2079; x_wconf 87' lang='lat' dir='ltr'>verissima</span> <span class='ocrx_word' id='word_1_121' title='bbox 1022 2028 1079 2089; x_wconf 88' lang='lat' dir='ltr'>est,</span> 
     </span>
     <span class='ocr_line' id='line_1_18' title="bbox 114 2126 1081 2209; baseline 0 -21"><span class='ocrx_word' id='word_1_122' title='bbox 114 2147 177 2189; x_wconf 88' lang='lat' dir='ltr'>non</span> <span class='ocrx_word' id='word_1_123' title='bbox 219 2138 353 2209; x_wconf 89' lang='lat' dir='ltr'>oportet</span> <span class='ocrx_word' id='word_1_124' title='bbox 388 2126 583 2207; x_wconf 89' lang='lat' dir='ltr'>respondere</span> <span class='ocrx_word' id='word_1_125' title='bbox 617 2126 660 2187; x_wconf 90' lang='lat' dir='ltr'>ad</span> <span class='ocrx_word' id='word_1_126' title='bbox 683 2135 877 2207; x_wconf 82' lang='lat' dir='ltr'>argumenta</span> <span class='ocrx_word' id='word_1_127' title='bbox 909 2126 1023 2206; x_wconf 77' lang='lat' dir='ltr'>prima:</span> <span class='ocrx_word' id='word_1_128' title='bbox 1049 2148 1081 2188; x_wconf 93' lang='lat' dir='ltr'>o-</span> 
     </span>
     <span class='ocr_line' id='line_1_19' title="bbox 114 2232 1080 2313; baseline 0 -19"><span class='ocrx_word' id='word_1_129' title='bbox 114 2234 256 2313; x_wconf 86' lang='lat' dir='ltr'>pinionis</span> <span class='ocrx_word' id='word_1_130' title='bbox 279 2234 399 2296; x_wconf 91' lang='lat' dir='ltr'>scilicet</span> <span class='ocrx_word' id='word_1_131' title='bbox 437 2234 687 2305; x_wconf 85' lang='lat' dir='ltr'>Bonaventurae‚</span> <span class='ocrx_word' id='word_1_132' title='bbox 716 2232 792 2313; x_wconf 90' lang='lat' dir='ltr'>quia</span> <span class='ocrx_word' id='word_1_133' title='bbox 816 2253 881 2293; x_wconf 92' lang='lat' dir='ltr'>non</span> <span class='ocrx_word' id='word_1_134' title='bbox 905 2242 981 2293; x_wconf 89' lang='lat' dir='ltr'>sunt</span> <span class='ocrx_word' id='word_1_135' title='bbox 1004 2253 1080 2294; x_wconf 90' lang='lat' dir='ltr'>con·</span> 
     </span>
     <span class='ocr_line' id='line_1_20' title="bbox 111 2350 270 2402; baseline 0.019 -3"><span class='ocrx_word' id='word_1_136' title='bbox 111 2350 159 2402; x_wconf 85' lang='lat' dir='ltr'>tra</span> <span class='ocrx_word' id='word_1_137' title='bbox 182 2361 270 2402; x_wconf 88' lang='lat' dir='ltr'>eam.</span> 
     </span>
    </p>

    <p class='ocr_par' dir='ltr' id='par_1_3' title="bbox 109 2444 1077 3061">
     <span class='ocr_line' id='line_1_21' title="bbox 177 2444 1076 2528; baseline -0.002 -20"><span class='ocrx_word' id='word_1_138' title='bbox 177 2448 237 2508; x_wconf 78' lang='lat' dir='ltr'>Ad</span> <span class='ocrx_word' id='word_1_139' title='bbox 252 2448 403 2528; x_wconf 78' lang='lat' dir='ltr'>primum</span> <span class='ocrx_word' id='word_1_140' title='bbox 427 2448 578 2509; x_wconf 71' lang='lat' dir='ltr'>secundae</span> <span class='ocrx_word' id='word_1_141' title='bbox 602 2444 763 2528; x_wconf 88' lang='lat' dir='ltr'>opinionis</span> <span class='ocrx_word' id='word_1_142' title='bbox 793 2446 867 2506; x_wconf 90' lang='lat' dir='ltr'>dico</span> <span class='ocrx_word' id='word_1_143' title='bbox 898 2445 987 2525; x_wconf 86' lang='lat' dir='ltr'>qnod</span> <span class='ocrx_word' id='word_1_144' title='bbox 1012 2465 1076 2506; x_wconf 87' lang='lat' dir='ltr'>non</span> 
     </span>
     <span class='ocr_line' id='line_1_22' title="bbox 110 2551 1077 2635; baseline -0.002 -21"><span class='ocrx_word' id='word_1_145' title='bbox 110 2565 241 2635; x_wconf 87' lang='lat' dir='ltr'>oportet</span> <span class='ocrx_word' id='word_1_146' title='bbox 266 2556 488 2635; x_wconf 89' lang='lat' dir='ltr'>quodcunque</span> <span class='ocrx_word' id='word_1_147' title='bbox 510 2553 599 2635; x_wconf 91' lang='lat' dir='ltr'>prius</span> <span class='ocrx_word' id='word_1_148' title='bbox 627 2572 757 2613; x_wconf 90' lang='lat' dir='ltr'>manere</span> <span class='ocrx_word' id='word_1_149' title='bbox 777 2551 997 2613; x_wconf 90' lang='lat' dir='ltr'>indistinctum</span> <span class='ocrx_word' id='word_1_150' title='bbox 1023 2572 1077 2631; x_wconf 80' lang='lat' dir='ltr'>po</span> 
     </span>
     <span class='ocr_line' id='line_1_23' title="bbox 111 2658 1077 2741; baseline -0.002 -20"><span class='ocrx_word' id='word_1_151' title='bbox 111 2662 170 2721; x_wconf 89' lang='lat' dir='ltr'>sita</span> <span class='ocrx_word' id='word_1_152' title='bbox 195 2660 403 2723; x_wconf 90' lang='lat' dir='ltr'>distinctione</span> <span class='ocrx_word' id='word_1_153' title='bbox 427 2660 459 2721; x_wconf 89' lang='lat' dir='ltr'>in</span> <span class='ocrx_word' id='word_1_154' title='bbox 484 2658 662 2741; x_wconf 89' lang='lat' dir='ltr'>posteriori,</span> <span class='ocrx_word' id='word_1_155' title='bbox 687 2658 831 2720; x_wconf 86' lang='lat' dir='ltr'>maxime</span> <span class='ocrx_word' id='word_1_156' title='bbox 865 2658 999 2739; x_wconf 88' lang='lat' dir='ltr'>quando</span> <span class='ocrx_word' id='word_1_157' title='bbox 1029 2669 1077 2719; x_wconf 89' lang='lat' dir='ltr'>est</span> 
     </span>
     <span class='ocr_line' id='line_1_24' title="bbox 109 2765 1077 2848; baseline -0.004 -19"><span class='ocrx_word' id='word_1_158' title='bbox 109 2768 272 2847; x_wconf 89' lang='lat' dir='ltr'>posterius</span> <span class='ocrx_word' id='word_1_159' title='bbox 287 2769 379 2848; x_wconf 86' lang='lat' dir='ltr'>quod</span> <span class='ocrx_word' id='word_1_160' title='bbox 397 2766 536 2828; x_wconf 89' lang='lat' dir='ltr'>totaliter</span> <span class='ocrx_word' id='word_1_161' title='bbox 553 2766 706 2828; x_wconf 90' lang='lat' dir='ltr'>terminat</span> <span class='ocrx_word' id='word_1_162' title='bbox 720 2765 970 2845; x_wconf 90' lang='lat' dir='ltr'>dependentiam</span> <span class='ocrx_word' id='word_1_163' title='bbox 996 2765 1077 2844; x_wconf 87' lang='lat' dir='ltr'>prio-</span> 
     </span>
     <span class='ocr_line' id='line_1_25' title="bbox 109 2872 1077 2953; baseline -0.003 -19"><span class='ocrx_word' id='word_1_164' title='bbox 109 2873 158 2935; x_wconf 86' lang='lat' dir='ltr'>ris.</span> <span class='ocrx_word' id='word_1_165' title='bbox 185 2874 285 2937; x_wconf 81' lang='lat' dir='ltr'>Nunc</span> <span class='ocrx_word' id='word_1_166' title='bbox 309 2884 420 2936; x_wconf 88' lang='lat' dir='ltr'>autem</span> <span class='ocrx_word' id='word_1_167' title='bbox 448 2874 493 2936; x_wconf 92' lang='lat' dir='ltr'>sic</span> <span class='ocrx_word' id='word_1_168' title='bbox 528 2883 576 2935; x_wconf 88' lang='lat' dir='ltr'>est</span> <span class='ocrx_word' id='word_1_169' title='bbox 610 2872 817 2953; x_wconf 89' lang='lat' dir='ltr'>suppositum</span> <span class='ocrx_word' id='word_1_170' title='bbox 853 2880 998 2951; x_wconf 85' lang='lat' dir='ltr'>respectu</span> <span class='ocrx_word' id='word_1_171' title='bbox 1025 2891 1077 2931; x_wconf 86' lang='lat' dir='ltr'>na-</span> 
     </span>
     <span class='ocr_line' id='line_1_26' title="bbox 109 2977 863 3061; baseline 0 -20"><span class='ocrx_word' id='word_1_172' title='bbox 109 2990 191 3043; x_wconf 85' lang='lat' dir='ltr'>turae</span> <span class='ocrx_word' id='word_1_173' title='bbox 217 2980 383 3053; x_wconf 72' lang='lat' dir='ltr'>humanae,</span> <span class='ocrx_word' id='word_1_174' title='bbox 408 2980 527 3043; x_wconf 92' lang='lat' dir='ltr'>scilicet</span> <span class='ocrx_word' id='word_1_175' title='bbox 550 2979 757 3061; x_wconf 88' lang='lat' dir='ltr'>suppositum</span> <span class='ocrx_word' id='word_1_176' title='bbox 782 2977 863 3041; x_wconf 90' lang='lat' dir='ltr'>Filii.</span> 
     </span>
    </p>

    <p class='ocr_par' dir='ltr' id='par_1_4' title="bbox 109 3082 1076 3590">
     <span class='ocr_line' id='line_1_27' title="bbox 175 3082 1076 3167; baseline -0.007 -18"><span class='ocrx_word' id='word_1_177' title='bbox 175 3088 301 3149; x_wconf 79' lang='lat' dir='ltr'>Eodem</span> <span class='ocrx_word' id='word_1_178' title='bbox 325 3087 417 3149; x_wconf 84' lang='lat' dir='ltr'>modo</span> <span class='ocrx_word' id='word_1_179' title='bbox 441 3095 548 3167; x_wconf 85' lang='lat' dir='ltr'>potest</span> <span class='ocrx_word' id='word_1_180' title='bbox 571 3086 633 3147; x_wconf 90' lang='lat' dir='ltr'>dici</span> <span class='ocrx_word' id='word_1_181' title='bbox 657 3085 700 3147; x_wconf 92' lang='lat' dir='ltr'>ad</span> <span class='ocrx_word' id='word_1_182' title='bbox 730 3084 921 3147; x_wconf 85' lang='lat' dir='ltr'>secundum.</span> <span class='ocrx_word' id='word_1_183' title='bbox 946 3082 1007 3144; x_wconf 85' lang='lat' dir='ltr'>Vel</span> <span class='ocrx_word' id='word_1_184' title='bbox 1032 3082 1076 3144; x_wconf 91' lang='lat' dir='ltr'>di-</span> 
     </span>
     <span class='ocr_line' id='line_1_28' title="bbox 109 3191 1075 3275; baseline -0.005 -22"><span class='ocrx_word' id='word_1_185' title='bbox 109 3193 192 3255; x_wconf 89' lang='lat' dir='ltr'>citur</span> <span class='ocrx_word' id='word_1_186' title='bbox 226 3194 317 3274; x_wconf 90' lang='lat' dir='ltr'>quod</span> <span class='ocrx_word' id='word_1_187' title='bbox 352 3194 465 3255; x_wconf 87' lang='lat' dir='ltr'>relatio</span> <span class='ocrx_word' id='word_1_188' title='bbox 500 3214 576 3275; x_wconf 86' lang='lat' dir='ltr'>quae</span> <span class='ocrx_word' id='word_1_189' title='bbox 612 3192 756 3273; x_wconf 91' lang='lat' dir='ltr'>sequitur</span> <span class='ocrx_word' id='word_1_190' title='bbox 787 3191 972 3252; x_wconf 89' lang='lat' dir='ltr'>absolutum</span> <span class='ocrx_word' id='word_1_191' title='bbox 1010 3210 1075 3250; x_wconf 88' lang='lat' dir='ltr'>non</span> 
     </span>
     <span class='ocr_line' id='line_1_29' title="bbox 112 3295 1075 3376; baseline -0.004 -17"><span class='ocrx_word' id='word_1_192' title='bbox 112 3296 185 3362; x_wconf 76' lang='lat' dir='ltr'>lacit</span> <span class='ocrx_word' id='word_1_193' title='bbox 212 3300 452 3363; x_wconf 89' lang='lat' dir='ltr'>distinctionem</span> <span class='ocrx_word' id='word_1_194' title='bbox 488 3300 520 3361; x_wconf 93' lang='lat' dir='ltr'>in</span> <span class='ocrx_word' id='word_1_195' title='bbox 554 3321 604 3372; x_wconf 89' lang='lat' dir='ltr'>eo,</span> <span class='ocrx_word' id='word_1_196' title='bbox 640 3318 728 3361; x_wconf 87' lang='lat' dir='ltr'>nunc</span> <span class='ocrx_word' id='word_1_197' title='bbox 762 3307 870 3358; x_wconf 86' lang='lat' dir='ltr'>autem</span> <span class='ocrx_word' id='word_1_198' title='bbox 907 3295 1075 3376; x_wconf 84' lang='lat' dir='ltr'>supposita</span> 
     </span>
     <span class='ocr_line' id='line_1_30' title="bbox 112 3400 1074 3469; baseline -0.003 -4"><span class='ocrx_word' id='word_1_199' title='bbox 112 3404 218 3468; x_wconf 80' lang='lat' dir='ltr'>divina</span> <span class='ocrx_word' id='word_1_200' title='bbox 241 3407 265 3469; x_wconf 91' lang='lat' dir='ltr'>si</span> <span class='ocrx_word' id='word_1_201' title='bbox 289 3416 491 3469; x_wconf 89' lang='lat' dir='ltr'>assumerent</span> <span class='ocrx_word' id='word_1_202' title='bbox 506 3406 644 3468; x_wconf 90' lang='lat' dir='ltr'>eandem</span> <span class='ocrx_word' id='word_1_203' title='bbox 662 3412 812 3466; x_wconf 90' lang='lat' dir='ltr'>naturam</span> <span class='ocrx_word' id='word_1_204' title='bbox 833 3402 892 3463; x_wconf 93' lang='lat' dir='ltr'>ista</span> <span class='ocrx_word' id='word_1_205' title='bbox 912 3400 1074 3463; x_wconf 85' lang='lat' dir='ltr'>distinctio</span> 
     </span>
     <span class='ocr_line' id='line_1_31' title="bbox 114 3512 306 3590; baseline 0.016 -18"><span class='ocrx_word' id='word_1_206' title='bbox 114 3512 306 3590; x_wconf 89' lang='lat' dir='ltr'>procederet.</span> 
     </span>
    </p>

    <p class='ocr_par' dir='ltr' id='par_1_5' title="bbox 178 3614 1074 3703">
     <span class='ocr_line' id='line_1_32' title="bbox 178 3614 1074 3703; baseline -0.007 -23"><span class='ocrx_word' id='word_1_207' title='bbox 178 3619 233 3681; x_wconf 75' lang='lat' dir='ltr'>lid</span> <span class='ocrx_word' id='word_1_208' title='bbox 252 3618 386 3683; x_wconf 81' lang='lat' dir='ltr'>tertium</span> <span class='ocrx_word' id='word_1_209' title='bbox 409 3620 483 3683; x_wconf 91' lang='lat' dir='ltr'>dico</span> <span class='ocrx_word' id='word_1_210' title='bbox 505 3620 596 3703; x_wconf 89' lang='lat' dir='ltr'>quod</span> <span class='ocrx_word' id='word_1_211' title='bbox 620 3638 686 3681; x_wconf 91' lang='lat' dir='ltr'>non</span> <span class='ocrx_word' id='word_1_212' title='bbox 722 3627 771 3679; x_wconf 89' lang='lat' dir='ltr'>est</span> <span class='ocrx_word' id='word_1_213' title='bbox 806 3615 917 3687; x_wconf 91' lang='lat' dir='ltr'>simile,</span> <span class='ocrx_word' id='word_1_214' title='bbox 944 3615 975 3676; x_wconf 90' lang='lat' dir='ltr'>in</span> <span class='ocrx_word' id='word_1_215' title='bbox 1007 3614 1074 3676; x_wconf 93' lang='lat' dir='ltr'>istis</span> 
     </span>
    </p>
   </div>
   <div class='ocr_carea' id='block_1_3' title="bbox 0 0 1304 4200">
    <p class='ocr_par' dir='ltr' id='par_1_6' title="bbox 0 0 1304 4200">
     <span class='ocr_line' id='line_1_33' title="bbox 0 0 1304 4200; baseline 0 4"><span class='ocrx_word' id='word_1_216' title='bbox 0 0 1304 4200; x_wconf 95' lang='lat' dir='ltr'> </span> 
     </span>
    </p>
   </div>
  </div>
 </body>
</html>
