2600 4200
227 214 289 272 34²
455 192 529 256 Lm.
555 191 606 254 IV
633 190 939 254 Ssuraumnuu

201 372 419 453 repugnabat
431 373 514 451 quin
528 371 612 432 illud
624 372 678 432 cui
692 372 877 450 opponitur
892 379 1027 449 poterat
1043 370 1176 438 creari;

196 497 288 559 vergo
312 486 346 540 et
370 487 448 557 post
468 475 750 538 annihilationem
774 483 888 558 potest
915 475 1006 537 idem
1023 494 1178 536 numero

203 584 314 645 redire
338 603 398 645 seu
421 586 575 645 recreari.

293 691 474 760 Praeterea,
499 690 640 770 planum
664 699 718 750 est
741 689 834 768 quod
856 709 902 749 ex
925 696 1023 768 parte
1048 707 1177 748 causae

202 807 355 858 remanet
379 799 496 858 eadem
521 806 695 877 potestas;
720 806 886 876 exparte
921 797 1024 856 etiarn
1060 797 1177 874 passi-

200 903 283 965 bilis
307 914 359 965 est
382 904 501 964 eadem
524 905 679 984 potentia
701 903 940 964 obedientialis
967 910 1047 981 post
1071 903 1177 962 anni·

203 1010 402 1072 hilationem
427 1029 505 1090 quae
529 1019 602 1072 erat
624 1020 704 1071 ante
727 1011 949 1082 creationem;
974 1027 1060 1090 ergo
1079 1011 1177 1069 sicut

202 1119 315 1197 primo
338 1126 471 1196 poterat
494 1118 610 1188 creari,
636 1117 684 1177 ita
700 1126 735 1178 et
758 1125 838 1178 tunc
862 1135 924 1195 per
939 1115 1087 1176 eandem
1105 1117 1178 1175 vir·

201 1233 311 1284 tutem
335 1224 461 1303 poterit
484 1221 670 1284 reformari.

292 1329 473 1397 Praeterea,
500 1331 533 1391 in
559 1329 696 1389 homine
719 1338 773 1390 est
797 1329 912 1408 aliqua
935 1329 1061 1389 entitas
1078 1329 1176 1407 posi·

199 1437 275 1496 tiva
298 1437 366 1498 alia
389 1438 424 1498 in
448 1437 623 1516 partibus;
649 1436 710 1497 sed
734 1437 801 1496 ista
831 1446 885 1496 est
916 1437 1110 1514 interrupta
1135 1436 1172 1496 in

197 1554 311 1604 morte
335 1542 504 1616 hominis;
529 1562 614 1623 ergo
638 1544 706 1603 ista
729 1562 798 1603 non
825 1542 951 1602 redibit
987 1543 1021 1602 in
1058 1561 1173 1602 resur-

201 1649 362 1717 rectione,
387 1650 415 1709 si
442 1668 560 1710 verum
592 1657 645 1710 est
679 1647 950 1710 fundamentum.
977 1647 1091 1707 Mz'nor
1114 1661 1173 1708 est

198 1755 354 1816 evidens.
380 1753 541 1815 Probatio
565 1757 706 1831 majoris,
735 1756 817 1834 quia
840 1755 972 1834 aliquid
987 1764 1169 1814 causatum

200 1879 223 1920 a
246 1863 359 1921 causis
383 1862 578 1922 intrinsecis
602 1871 656 1922 est
681 1861 774 1921 aliud
798 1861 840 1920 ab
872 1861 943 1930 eis;
976 1878 1071 1940 erge.
1097 1858 1169 1920 Sed

203 1966 299 2028 nulla
321 1987 424 2027 causa
447 1968 633 2029 materialis
658 1986 719 2028 nec
739 1965 892 2027 formalis
916 1976 968 2026 est
991 1976 1135 2026 causata
1150 1985 1170 2024 a

199 2075 317 2135 causis
340 2075 535 2136 intrinsecis
559 2094 621 2136 nec
644 2075 745 2136 ambo
769 2073 888 2144 simul;
914 2091 998 2153 ergo
1022 2081 1077 2133 est
1100 2071 1169 2134 alia

200 2182 328 2242 entitas
352 2202 371 2241 a
395 2182 508 2243 causis
532 2180 671 2243 divisim
695 2182 854 2261 acceptis.

293 2288 474 2355 Praeterea.
500 2288 528 2348 si
553 2288 639 2349 illud
662 2286 920 2349 fundamentum
934 2288 977 2347 de
1000 2288 1168 2366 interrup

200 2396 296 2455 tione
320 2395 376 2455 vel
400 2395 630 2455 destructione
654 2405 746 2454 esset
769 2412 899 2461 verum,
925 2393 1057 2454 scilicet
1073 2394 1167 2472 quod

203 2502 430 2580 interruptum
456 2520 522 2562 non
547 2502 657 2580 possit
681 2500 790 2561 redire
808 2500 897 2561 idem
914 2518 1067 2567 numero,
1086 2508 1165 2560 tunc

200 2619 427 2685 sequerentur
449 2606 557 2667 multa
588 2607 873 2667 inconvenientia.
892 2604 1008 2666 Primo
1025 2604 1165 2684 quidem'

203 2723 402 2791 sequeretur
426 2713 517 2791 quod
541 2712 636 2773 Deus
654 2732 722 2773 non
738 2721 855 2791 posset
867 2730 973 2771 unum
991 2711 1164 2771 hominem

203 2829 374 2879 mortuum
414 2820 558 2879 eundem
598 2838 740 2879 numero
781 2821 956 2879 suscitare.
993 2814 1164 2880 Secundo.

200 2925 297 3005 quod
331 2926 365 2985 in
401 2926 538 2987 homine
573 2944 641 2986 non
677 2926 802 2986 rediret
836 2925 955 2985 eadem
990 2924 1165 3003 quantitas

200 3034 441 3111 quamprimo
476 3032 604 3092 habuit.
630 3030 757 3099 Tertio,
783 3032 875 3112 quod
910 3049 979 3091 non
1014 3031 1164 3091 redirent

203 3139 411 3219 generaliter
434 3141 548 3199 omnia
571 3139 760 3199 accidentia
784 3157 862 3217 quae
882 3135 1022 3198 fuerunt
1046 3138 1080 3196 in
1106 3137 1164 3196 ho-

204 3247 305 3313 mine,
330 3254 364 3305 et
388 3248 436 3305 sic
461 3246 562 3306 homo
587 3246 810 3305 resuscitatus
835 3264 903 3305 non
924 3244 1066 3305 haberet
1089 3262 1165 3303 ean-

201 3352 281 3412 dem
316 3354 488 3432 propriam
523 3353 718 3432 passionem
754 3369 896 3412 numero
931 3368 1033 3429 quam
1069 3350 1164 3429 prius

204 3459 332 3520 habuit.
361 3459 505 3518 Probalio
529 3460 633 3535 hzq‘us,
663 3460 744 3539 quia
768 3460 883 3520 omnia
913 3458 980 3518 ista
1014 3466 1096 3517 sunt
1120 3458 1165 3517 in·

202 3574 367 3645 terrupta.
