2600 4200
331 209 520 272 Drsrnrcr.
545 209 562 272 Ι
586 167 739 290 Quasi.
764 209 817 272 VI
1009 232 1046 291 27

99 400 137 452 et
163 389 291 450 clausa.
317 387 472 450 Ulterius
497 398 578 450 nota
608 391 701 469 quod
734 388 861 469 triplici
896 390 938 451 de
968 409 1072 452 causa

98 504 253 578 possunt
277 495 391 575 aliqua
414 497 554 565 servari,
579 496 711 558 scilicet
736 505 877 576 propter
892 498 1072 559 necessita·

98 613 173 665 tem
199 603 332 670 salutis,
357 610 496 682 propter
519 602 745 672 honestatem,
769 611 803 664 et
826 611 967 683 propter
996 623 1071 684 pro

98 712 189 772 ximi
216 707 459 771 infirmitatem.

196 816 292 877 Dicit
315 815 424 896 igitur
446 815 671 896 Augustinus
691 815 787 896 quod
805 818 913 894 primo
936 822 1071 893 tempore

96 923 233 1005 legalia
256 924 385 984 servari
411 931 596 1002 potuerunt
619 931 783 1002 tanquam
800 923 856 983 vel
868 923 926 983 via
936 923 1067 992 salutis,

98 1029 169 1102 vel
201 1038 342 1110 propter
376 1027 498 1091 salutis
532 1027 726 1089 utilitatem.
762 1028 902 1089 Secundo
935 1035 1070 1106 tempore

97 1137 235 1198 servari
270 1144 457 1215 potuerunt
491 1135 593 1197 etiam
629 1135 671 1196 ab
706 1135 761 1196 his
795 1136 853 1215 qui
888 1134 1069 1196 audierunt

95 1241 349 1323 Evangelium‚
363 1250 503 1321 propter
514 1241 740 1312 honestatem,
753 1243 834 1321 quia
850 1259 926 1302 cum
939 1241 1068 1301 honore

95 1359 178 1411 erat
204 1348 403 1409 deducenda
415 1365 598 1429 synagoga
610 1348 654 1408 ad
665 1348 845 1410 tumulum.
872 1345 974 1408 Tertio
986 1367 1068 1407 vero

95 1461 241 1534 tempore
264 1455 360 1516 nullo
383 1453 486 1516 modo
510 1463 590 1516 sunt
614 1454 793 1524 servanda,
818 1456 899 1534 quia
925 1455 1008 1534 quij

94 1571 220 1624 servat
244 1580 312 1622 non
336 1571 390 1621 est
413 1562 556 1622 materni
584 1560 779 1640 corpusculi
795 1561 990 1630 honorator‚
1007 1561 1068 1621 sed

97 1668 295 1749 sepulturae
319 1667 501 1748 impudens
524 1667 703 1728 revelator.
729 1666 775 1728 Et
799 1668 847 1727 ita
862 1669 960 1747 ponit
976 1668 1067 1747 quod

93 1776 229 1837 Petrus
253 1783 287 1834 et
310 1773 450 1843 Paulus
475 1782 618 1853 uterque
635 1774 835 1843 servaverit,
854 1793 921 1834 non
934 1782 1066 1835 tantum

93 1891 244 1962 propter
267 1879 447 1941 vitandum
472 1879 670 1941 scandalum
694 1881 855 1960 proximi,
868 1857 941 1941 'sed
964 1882 1066 1942 etiam

92 1989 141 2050 ad
168 1988 336 2049 honorem
361 1986 513 2047 debitum
538 1987 637 2046 matri
664 1986 939 2066 impendendum.
969 1985 1068 2048 Simi-

90 2096 179 2157 liter
203 2095 302 2174 ponit
325 2093 419 2174 quod
442 2092 565 2155 Petrus
588 2094 756 2155 veraciter
771 2113 839 2155 non
856 2093 1067 2156 simulatorie

90 2200 331 2283 reprehensus
354 2198 466 2261 iuerat
490 2220 509 2260 a
533 2200 651 2269 Paulo,
677 2220 745 2261 non
762 2202 844 2281 quia
858 2201 985 2282 legalia
1001 2221 1068 2263 ser·

90 2310 216 2374 vabat‚
242 2308 302 2369 sed
325 2308 408 2387 quia
431 2326 475 2367 ex
499 2307 600 2368 modo
624 2326 688 2369 suo
719 2307 867 2388 gentiles
894 2308 1066 2388 judaizare

89 2414 259 2496 cogebat.

190 2627 256 2688 An
267 2640 541 2688 nnouuuuruu
555 2641 793 2696 numerumn,
806 2638 901 2707 patet
921 2648 965 2689 ex
981 2648 1066 2709 prae-

88 2736 202 2797 dictis
227 2735 264 2793 in
288 2734 439 2795 secunda
465 2732 693 2796 Conclusione
709 2736 820 2795 tertiae
842 2733 1063 2814 Quaestionis.

503 3049 664 3261 iiiii
