2600 4200
231 233 268 274 10
448 211 522 274 Lm.
547 211 599 273 IV
624 199 929 276 Semnumniru

203 389 315 452 vendo
338 389 477 471 aliquod
500 391 781 472 impedimentum
803 391 936 462 salutis,
958 401 998 454 ut
1020 391 1165 460 scilicet,

203 506 320 579 posset
343 497 409 560 dici
434 499 571 579 proprie
597 499 774 561 medicina.
810 497 870 560 An
904 507 1018 560 autem
1050 500 1166 560 matri-

202 606 365 676 monium,
390 604 482 686 quod
505 613 639 668 constat
661 603 768 668 fuisse
785 607 820 668 in
836 615 927 668 statu
944 605 1162 676 innocentiae,

203 715 248 774 sit
272 711 540 783 Sacramentum,
564 713 764 776 ostendetur
786 709 937 775 inferius.

296 909 460 988 Quarta
487 907 704 973 Corwltmio
727 918 790 979 est,
814 908 907 989 quod
929 927 992 990 pro
1015 907 1164 972 diversis

203 1015 349 1078 statibus
372 1023 406 1077 et
429 1015 576 1110 legibus,
600 1012 738 1078 fuerunt
771 1015 908 1078 diversa
940 1014 1165 1078 Sacramenta

203 1123 369 1192 instituta,
393 1123 543 1184 maxime
566 1133 686 1185 contra
707 1122 848 1184 morbus
878 1122 1057 1204 originalis
1087 1141 1165 1203 pec·

203 1229 290 1291 cati:
315 1238 387 1291 tum
411 1231 492 1310 quia
515 1229 611 1293 Deus
633 1231 788 1293 ordinate
811 1248 929 1312 agens.
954 1229 1109 1310 procedit
1119 1229 1164 1292 de

203 1338 317 1400 minus
339 1334 490 1418 perfecto
514 1336 556 1398 ad
587 1340 701 1420 magis
731 1334 941 1419 perfectum;
977 1345 1050 1399 tum
1080 1339 1165 1418 quia

203 1441 383 1525 perfectior
407 1443 465 1506 lex
488 1446 631 1524 requirit
646 1442 849 1526 perfectiora
864 1443 1033 1526 adjutoria
1047 1443 1092 1506 ad
1108 1445 1161 1506 sui

204 1553 486 1622 observationem,
511 1561 546 1613 et
569 1552 618 1614 sic
641 1552 811 1633 posterior
833 1551 899 1614 lex·
907 1550 1025 1613 debuit
1036 1551 1164 1613 habere

203 1658 460 1720 Sacramentum
485 1659 628 1740 signans
651 1661 798 1741 gratiam
820 1656 1067 1740 perfectiorem.
1093 1656 1163 1721 Hic

204 1766 251 1826 ait
275 1763 443 1846 Magister
467 1763 575 1848 Hugo
599 1765 670 1826 Lib.
697 1766 735 1825 de
767 1765 989 1832 Sacramenta,
1027 1763 1165 1846 dispen-

106 1864 110 1872 ’
203 1873 346 1934 sationis
369 1871 453 1932 ordo
476 1879 511 1933 et
533 1873 630 1942 ratio,
654 1871 719 1934 hoc
742 1872 910 1953 poposcit,
933 1880 972 1933 ut
998 1872 1088 1933 sicut
1118 1872 1164 1933 ab

203 1979 301 2040 initio
324 1986 496 2040 crescente
512 1987 665 2062 tempore
679 1979 792 2060 magis
809 1997 848 2040 ac
863 1979 976 2060 magis
992 1975 1163 2039 adventus

204 2083 394 2147 Salvatoris
418 2085 716 2167 appropinquavit,
747 2085 797 2147 sic
828 2084 940 2167 magis
974 2104 1015 2146 ac
1047 2085 1164 2167 magis

203 2188 344 2254 effectus
374 2192 495 2255 salutis
529 2201 705 2263 cresceret,
740 2201 774 2254 et
807 2192 960 2274 cognitio
994 2194 1161 2263 veritatis,

125 2302 130 2319 '
203 2298 457 2380 propterquod
480 2308 514 2360 et
537 2300 613 2380 ipsa
646 2300 748 2385 signa
782 2299 904 2361 salutis
936 2317 999 2380 per
1030 2316 1163 2361 succes·

132 2390 137 2397 ’
204 2407 333 2467 sionem
346 2414 547 2486 temporum,
561 2404 628 2467 alia
639 2408 731 2487 poni,
744 2404 813 2467 alia
823 2404 1014 2467 debuerunt
1025 2406 1160 2467 mutari.

293 2600 354 2661 An
377 2612 651 2662 ARGUMENtuu
675 2603 709 2661 in
724 2604 917 2661 contrarium
933 2596 1058 2663 dicitui
1067 2601 1162 2684 quod

204 2727 266 2789 pro
289 2708 380 2769 omni
405 2716 558 2788 tempore
581 2704 718 2770 fuerunt
740 2708 856 2789 aliqua
877 2708 1028 2770 remedia
1052 2716 1088 2769 et
1102 2704 1164 2771 Sa·

204 2808 389 2884 eramenta,
409 2815 500 2894 quia,
525 2822 563 2875 ut
586 2815 707 2895 patuit,
731 2813 828 2876 Deus
851 2833 963 2896 genus
973 2813 1161 2876 humanum

205 2940 377 3001 nunquam
401 2920 531 2982 dimisit
554 2921 628 2983 sine
653 2920 767 3001 aliquo
780 2921 929 2982 remedio
945 2920 988 2982 ad
1003 2920 1161 2982 salutem.

548 3132 729 3215 QuAEsrlo
754 3132 816 3195 111.

329 3260 386 3319 Ad
405 3262 529 3319 tertiam
555 3260 764 3334 Quoestionem
787 3260 831 3319 sic
847 3258 1037 3337 proceditur.

295 3382 441 3444 Videtur
464 3383 556 3464 quod
587 3381 807 3447 Sacramenta
837 3402 938 3445 novae
972 3383 1062 3465 legis
1091 3383 1166 3445 sint

204 3490 326 3571 gratiae
351 3487 516 3561 effectiva,
541 3492 622 3571 quia
644 3510 705 3573 per
728 3490 792 3553 hoc
816 3490 1077 3573 distinguuntur
1102 3488 1166 3553 Sa·

204 3604 376 3659 eramenta
399 3615 499 3659 novae
524 3597 622 3682 legis,
648 3606 686 3661 ut
708 3599 805 3681 ponit
828 3596 1007 3683 Magister.
1024 3597 1068 3663 ab
1084 3598 1167 3665 aliis
