2600 4200
202 269 386 334 Drsrmcr.
412 271 493 333 XXI
516 281 549 333 er
572 271 670 334 ΧΧΙΙ
694 269 841 352 Qurasr.
866 271 880 334 Ι
975 285 1036 350 159

173 475 393 562 errantum
417 477 681 543 adtentum
706 475 958 542 Articulum
983 476 1060 539 dici-

113 591 156 644 tur
175 592 205 645 et
227 585 321 646 valde
335 584 483 666 pulchre,
500 585 590 666 quod
606 585 715 665 aliqua
731 593 808 646 sunt
824 581 931 646 futura
948 584 1059 666 quoad

113 709 210 752 causas
233 693 393 754 naturales
416 692 442 753 si
467 692 529 754 illae
553 712 662 754 causae
678 691 839 754 naturales
863 710 929 753 non
953 691 1061 772 prohi-

115 794 258 870 berentur,
281 808 314 860 et
337 799 416 861 illud
440 797 587 860 futurum
613 819 679 861 non
702 807 751 860 cst
771 797 916 860 futurum
941 797 1058 879 simpli·

115 903 177 966 citer
197 927 257 968 nec
279 906 386 968 evenit
410 906 589 967 necessario
613 915 746 987 propter
762 925 894 968 causam
919 905 1061 988 superio

114 1031 170 1072 rem
190 1012 415 1094 prohibentem
451 1013 675 1076 causalitatem
711 1012 926 1074 secundarum
951 1033 1061 1073 causa-

114 1137 191 1192 rum;
214 1130 246 1181 et
268 1130 347 1181 tunc
375 1119 590 1200 judicandum
615 1128 664 1181 est
688 1139 756 1180 esse
779 1117 924 1181 futurum
950 1139 1060 1180 secun-

114 1224 180 1287 dum
203 1247 332 1288 causam
360 1227 559 1308 superiorem
584 1236 618 1288 et
639 1225 834 1287 vincentem.
861 1225 1060 1306 Exemplum

113 1331 214 1394 dehoc
230 1334 360 1414 ponitur
373 1334 506 1415 quando
523 1333 620 1395 Isaias
632 1331 793 1394 nuntiavit
807 1331 957 1394 Ezechiae
970 1332 1060 1413 quod

115 1450 284 1512 moreretur,
297 1440 353 1521 qui
379 1450 529 1502 mortuus
551 1439 661 1501 suisset
674 1439 853 1512 secundum
878 1460 991 1500 causas
1008 1459 1060 1500 na-

113 1546 226 1618 turales,
246 1547 303 1608 nisi
326 1547 404 1627 quia
420 1567 517 1608 causa
541 1547 698 1628 superior,
724 1545 805 1607 idest
830 1547 929 1618 Deua,
956 1545 1061 1626 prohi-

114 1650 182 1721 buit,
194 1663 224 1714 et
245 1653 345 1715 additi
370 1663 447 1716 sunt
462 1654 490 1715 ei
521 1667 556 1732 15
582 1653 658 1714 anni
673 1654 758 1718 vitae.
785 1653 832 1714 Ita
845 1653 918 1713 dico
943 1653 973 1714 in
988 1673 1061 1733 pro-

118 1760 219 1835 posito,
243 1781 317 1822 nam
341 1781 461 1842 corpus
486 1759 605 1825 Christi
630 1769 797 1822 mortuum
823 1757 933 1820 luisset
957 1769 1063 1840 putre·

116 1861 222 1928 lactum
245 1878 405 1948 quantum
429 1877 480 1928 est
495 1887 538 1928 ex
562 1875 653 1947 parte
669 1886 841 1928 causarum
866 1866 1060 1928 naturalium

115 1969 216 2034 sinon
239 1973 371 2036 fuissent
395 1973 578 2055 prohibitae,
602 1973 680 2054 quia
704 1971 818 2034 habuit
849 1993 980 2033 causam
1005 1993 1060 2034 na·

116 2081 236 2143 turalem
249 2081 451 2144 resolutionis
463 2080 669 2143 intrinsecam
687 2089 719 2142 et
731 2078 955 2142 extrinsecam.
972 2080 1062 2143 Deus

116 2196 212 2248 autem
231 2189 396 2269 prohibuit
408 2188 631 2262 causalitatem
649 2189 866 2249 secundarum
879 2208 1061 2255 causarum.

116 2301 145 2351 et
164 2295 373 2374 prohibuisset
395 2295 494 2357 etiam
518 2295 543 2357 si
567 2295 646 2357 illud
663 2314 781 2376 corpus
805 2314 870 2355 non
895 2294 1063 2357 fuissetvi-

118 2397 267 2464 rihcatum
292 2403 460 2483 usquead
484 2402 668 2483 generalem
693 2402 968 2464 resurrectionem.

174 2504 245 2574 Sed
263 2505 324 2575 hic
345 2511 404 2575 est
423 2504 581 2575 dublum
607 2528 719 2581 unum,
733 2508 758 2569 si
783 2506 845 2569 hoc
869 2506 978 2568 suisset
1003 2506 1064 2569 fac-

118 2621 178 2674 turn
199 2616 331 2698 antiquo
354 2616 511 2677 miraculo
534 2636 575 2676 an
593 2636 689 2676 novo.
708 2615 752 2677 Et
768 2614 846 2676 dicit
862 2615 913 2676 hic
929 2615 1063 2694 quidam

118 2718 228 2785 Ductor
249 2724 339 2805 quod
364 2723 428 2785 hoc
450 2720 561 2784 fuisset
584 2720 707 2783 factum
739 2711 874 2803 antiquo
899 2722 1063 2792 miraculo

120 2827 185 2903 quia
205 2832 318 2892 eodem
353 2830 435 2890 velle
457 2849 525 2909 quo
561 2828 651 2891 Deus
688 2828 789 2890 univit
820 2828 878 2889 sibi
914 2838 1063 2889 naturam

119 2929 280 2998 humanam
303 2937 422 2998 eodem
450 2944 677 3016 praeservasset
707 2955 780 2997 eam
805 2954 823 2997 a
847 2935 1062 3015 corruptione.

123 3037 177 3102 Alii
198 3054 305 3105 autem
329 3043 444 3105 dicunt
467 3043 556 3123 quod
581 3041 644 3105 hoc
679 3040 801 3103 sactum
838 3041 947 3103 fuisset
979 3062 1065 3102 novo

123 3146 269 3225 miraculo,
292 3149 371 3232 quia
400 3150 545 3212 activum
572 3148 761 3211 naturaliter
796 3148 1064 3230 approximatum

124 3256 244 3330 passivo,
267 3257 292 3319 si
317 3277 384 3319 non
407 3256 583 3338 impeditur
606 3264 638 3317 et
663 3276 727 3317 non
752 3255 829 3336 agit,
855 3254 918 3316 hoc
941 3263 988 3315 est
1008 3274 1065 3334 per

121 3378 225 3424 novum
248 3364 464 3440 miraculum;
488 3363 544 3425 sed
567 3362 632 3425 tale
667 3361 831 3443 passivum
856 3372 923 3423 crat
947 3382 1066 3441 corpus

121 3464 224 3533 Christi
246 3482 425 3546 mortuum,
438 3470 515 3553 quia
530 3479 610 3534 tunc
625 3490 691 3531 non
708 3477 777 3531 erat
801 3469 989 3551 gloriosum,
1006 3489 1066 3530 nec

121 3570 163 3635 illa
183 3588 345 3661 unguenta
368 3577 518 3660 apposita
552 3585 802 3658 praeservassent
837 3597 954 3657 corpus
977 3595 997 3636 a
1022 3596 1066 3637 re-

120 3682 261 3748 solutione
283 3706 343 3769 pro
366 3705 495 3767 semper
519 3692 550 3746 et
582 3683 698 3745 habuit
731 3683 874 3745 activum
910 3682 1067 3761 approxi-
