2600 4200
210 243 271 284 100
433 223 507 283 Lm.
535 221 584 282 IV
611 223 917 284 Sssxruxnnnuu

181 421 247 481 pus
270 400 397 463 Christi
422 412 500 463 ante
515 403 806 462 consecrationem
823 399 1013 480 Sanguinis
1029 409 1145 460 essent

181 507 383 578 idololatrae,
408 507 499 588 quod
524 517 576 569 θεῖ
599 505 733 568 falsum.

270 721 334 783 De
356 721 547 796 secundo,
571 721 716 782 scilicet:
741 739 818 799 quae
834 730 886 780 est
903 717 1013 780 forma
1028 738 1145 780 conse·

179 828 343 888 erationis
367 826 528 906 Corporis
551 825 679 888 Christi
703 837 737 887 et
761 824 950 908 Sanguinis
981 827 1064 906 ejus,
1096 826 1143 885 di·

179 936 269 995 citur
292 953 361 994 uno
384 935 487 994 modo
510 933 697 994 secundum
732 935 823 993 viam
860 930 1060 1001 Innocentii,
1091 933 1145 992 De

179 1041 257 1119 offic.
284 1041 393 1100 nnisoe
410 1047 495 1118 part.
517 1059 550 1116 3.
574 1062 598 1100 c.
625 1046 665 1107 6.,
704 1038 795 1120 quod
829 1036 939 1099 forma
971 1057 1145 1099 consecra·

180 1148 285 1207 tionis
309 1166 376 1207 non
402 1157 454 1208 θεῖ
478 1148 511 1206 in
530 1148 605 1208 istis
622 1147 751 1207 verbis:
777 1146 845 1205 Hoc
861 1152 907 1204 est
920 1147 1004 1204 enim
1024 1145 1144 1222 Corpus

179 1273 293 1320 meum,
322 1272 384 1314 nec
408 1252 565 1316 Christus
588 1255 802 1314 consecravit
836 1255 871 1313 in
906 1253 982 1313 istis
1016 1252 1142 1322 verbiS,

180 1360 312 1422 scilicet
336 1361 369 1421 in
395 1361 510 1421 verbis
544 1359 802 1428 benedictionis,
837 1378 915 1420 cum
950 1359 1074 1420 dicitur
1106 1360 1141 1418 in

180 1467 296 1528 verbis
319 1467 592 1548 praecedentibus
616 1466 709 1546 quod
733 1466 904 1545 accipiens
934 1484 1057 1544 panem
1087 1465 1144 1526 be·

181 1575 325 1635 nedixit.

271 1681 338 1741 Pro
363 1681 429 1741 ista
452 1681 613 1760 opinione
637 1681 795 1761 arguitur
826 1681 889 1741 sic:
926 1679 1031 1740 verba
1064 1697 1143 1758 quae

180 1785 377 1868 significant
401 1787 589 1848 realitatern
615 1785 827 1848 Sacramenti
852 1789 885 1846 in
898 1786 991 1863 facto
1013 1806 1077 1845 esse
1107 1793 1144 1846 θῖ

180 1913 248 1954 non
274 1894 412 1972 infieri,
442 1913 510 1954 non
534 1903 614 1954 sunt
638 1891 748 1955 forma
771 1894 1051 1964 consecrationis3
1080 1891 1143 1954 sed

180 2002 247 2060 ista
270 2000 389 2061 verba:
415 2002 468 2059 hoc
492 2006 537 2060 est
558 2002 641 2059 eninr
679 2001 806 2076 Corpus,
845 2008 908 2060 etc.
945 1996 1144 2081 significant

179 2108 369 2168 realitatem
395 2106 605 2169 Sacramenti
633 2108 668 2168 in
703 2106 794 2169 facto
827 2126 903 2168 esse
937 2117 972 2169 et
1006 2126 1074 2168 non
1107 2108 1143 2168 in

178 2212 267 2285 fieri;
293 2232 387 2295 ergo.
413 2214 521 2291 ,ilojor
543 2222 646 2293 patet,
672 2215 753 2293 quia
776 2233 853 2275 curn
870 2215 1051 2276 conversio
1066 2231 1145 2274 con·

179 2320 280 2381 sistat
303 2321 337 2380 in
362 2317 445 2389 fieri,
470 2320 576 2380 verba
598 2321 865 2381 consecrationis
889 2320 1014 2381 debent
1038 2320 1145 2401 signi·

179 2424 281 2488 ficare
305 2426 494 2488 realitatern
520 2424 731 2488 Sacramenti
757 2428 789 2486 in
815 2425 897 2487 fieri.
923 2426 1035 2486 Μίνων
1068 2445 1145 2506 pro·

179 2533 282 2594 batur
306 2534 365 2603 sic,
391 2534 471 2613 quia
496 2534 561 2594 ista
584 2534 690 2594 verba
713 2543 793 2594 sunt
827 2551 910 2593 vcra
942 2542 1075 2593 tantum
1106 2534 1141 2594 in

178 2642 326 2701 termino
350 2642 585 2702 conversionis
609 2650 643 2701 et
668 2659 735 2700 non
760 2648 848 2700 ante.

274 2747 388 2807 Contra
413 2750 471 2806 ista
494 2748 669 2822 opinionem
692 2746 849 2827 arguitur
875 2746 934 2815 sic,
951 2746 1034 2826 quia
1049 2746 1144 2808 Chri·

179 2862 254 2913 stus
279 2855 312 2913 in
337 2854 443 2913 verbo
467 2854 695 2924 consecravit3
736 2852 796 2913 sed
831 2871 898 2913 non
927 2853 1143 2913 consecravit

181 2958 259 3019 aliis
284 2960 399 3020 verbis
423 2960 464 3019 ab
489 2961 575 3029 istis,
600 2979 676 3020 cunr
702 2978 770 3020 non
794 2959 943 3041 legimus
975 2959 1043 3019 alia
1069 2978 1143 3020 ver·

178 3066 223 3125 ba
247 3066 290 3126 ab
315 3066 405 3138 istis;
445 3085 529 3146 ergo
562 3064 672 3127 forma
709 3066 978 3127 consecrationis
1016 3064 1144 3145 Corpo-

178 3174 227 3233 ris
254 3172 380 3234 Christi
417 3182 469 3233 est
503 3174 537 3232 in
574 3174 650 3233 istis
686 3174 815 3233 verbis:
852 3172 929 3233 Hoc
963 3181 1017 3233 θεῖ
1049 3174 1140 3232 enim

178 3278 312 3358 Corpus
337 3298 459 3339 mcum.
486 3278 577 3340 Hinc
602 3280 726 3341 dicitur
749 3280 865 3339 Extra.
882 3280 919 3338 de
941 3278 1143 3338 celebratione

178 3387 374 3446 Missurum:
404 3387 480 3445 Cum
506 3386 662 3446 otranno.-
693 3387 872 3449 Credimus
905 3384 998 3466 quod
1033 3383 1142 3446 forma

178 3494 361 3554 verborum
386 3496 431 3554 sit
458 3494 547 3554 sicut
582 3495 616 3554 in
651 3491 789 3554 Conone
824 3494 1028 3563 continetur,
1052 3502 1086 3553 et
1121 3512 1144 3552 a

179 3598 316 3659 Christo
341 3599 513 3677 Apostoli,
539 3609 573 3661 ot
597 3600 639 3659 ab
664 3599 847 3679 Apostolis
870 3618 987 3660 eorum
1007 3617 1142 3679 accepe-
