2600 4200
182 753 500 860 Distinotio
538 749 719 856 XXX
752 757 812 858 et
842 748 1068 855 XXXI.

266 1008 350 1083 Neo
380 1007 514 1084 solum
548 1006 713 1082 coactio
747 1005 989 1102 impedit...

240 1201 331 1260 Circa
356 1201 503 1260 Disttnct.
525 1218 569 1275 3⁰
592 1204 623 1258 et
640 1217 692 1274 31.
718 1219 824 1275 quaro
858 1204 921 1257 tres
957 1199 1109 1272 Quoestio

145 1327 209 1366 nes.
235 1305 364 1368 Primo:
396 1307 511 1367 Utrum
535 1325 700 1365 consensus
722 1325 871 1364 erroneus
901 1304 1038 1383 sufficiat
1065 1303 1111 1362 ad

145 1413 388 1473 contrahendum
413 1413 661 1472 matrimonium.
686 1409 859 1473 Secundo:
890 1407 1007 1470 Utrum
1024 1412 1107 1469 inter

146 1519 288 1580 Mariam
313 1525 344 1578 et
357 1519 473 1596 Josepti
489 1517 598 1594 suerit
618 1538 727 1577 oerum
751 1519 999 1576 matrimonium.
1027 1515 1108 1576 Ter·

146 1627 209 1687 tio:
248 1625 363 1685 Utrum
398 1627 461 1684 tria
495 1627 560 1683 siut
592 1624 670 1684 bona
705 1625 904 1682 matrimonii
934 1643 1004 1700 qua
1037 1622 1108 1682 Ma·

142 1734 247 1808 gistm
262 1735 357 1810 ponit
379 1733 412 1790 in
436 1733 536 1798 litera,
564 1732 682 1790 scilicet
693 1731 789 1810 fides,
814 1731 921 1807 proles
943 1737 974 1788 et
1005 1749 1109 1788 sacra·

144 1845 296 1904 mentum.

508 2081 690 2165 Qumsuo
714 2083 740 2146 Ι.

258 2238 315 2297 Ad
328 2240 470 2315 primam
498 2237 708 2311 Quoestionem
730 2238 775 2295 sic
791 2237 1001 2313 proceditur:

236 2396 383 2457 Videtur
406 2397 498 2477 quod
521 2414 708 2457 consensus
724 2414 886 2455 erroneus
902 2392 1047 2456 sufficiat
1063 2394 1107 2455 ad

146 2503 414 2565 contrahendum
438 2503 701 2570 matrimonium,
726 2501 808 2581 quia
831 2502 919 2562 inter
947 2500 1051 2580 Jacob
1072 2511 1106 2564 et

148 2608 245 2671 Liam
270 2607 334 2670 fuit
357 2628 475 2669 verum
500 2608 764 2676 matrimonium,
790 2607 875 2668 alias
891 2604 1013 2668 fuisset
1028 2626 1105 2668 cum

146 2734 189 2777 ea
210 2713 406 2775 fornicatus
432 2711 502 2775 Sed
516 2714 620 2793 Jacob
636 2713 780 2775 credidit
795 2732 856 2792 per
871 2732 1019 2774 errorem
1031 2732 1106 2774 eam

147 2840 223 2883 esse
248 2820 451 2893 Rachelem3
477 2822 593 2901 igitur,
617 2828 680 2881 etc.

236 2946 275 3006 Iu
299 2946 471 3022 oppositum
494 2953 547 3005 est
571 2942 741 3025 Magister
765 2945 798 3002 in
822 2944 924 3003 litera.
950 2942 996 3004 Et
1011 2962 1057 3003 Π.
1075 2963 1105 3020 q.

145 3072 173 3113 Ι.
192 3056 256 3129 per
277 3056 383 3111 totum.

237 3156 280 3218 Iu
304 3169 390 3219 ssm
414 3153 648 3236 Qumsuoua
670 3164 724 3217 est
732 3158 841 3234 primo
853 3175 922 3217 una
932 3156 1107 3217 distinctio

145 3265 313 3345 ponenda.
339 3262 478 3324 Secundo
501 3272 554 3324 est
577 3259 734 3342 Quaestio
751 3262 978 3323 dissolvenda.
1003 3262 1108 3322 Tertio

147 3380 229 3435 sunt
252 3370 368 3451 aliqua
390 3369 494 3451 dubia
516 3368 733 3431 removenda.
758 3370 930 3428 Distinctio
953 3368 996 3429 ad
1021 3387 1107 3448 prae·

147 3496 228 3539 sens
251 3486 304 3537 est
327 3477 402 3545 ista,
438 3476 530 3555 quod
565 3475 599 3536 in
633 3476 851 3537 matrimonio
885 3482 1000 3554 potest
1030 3492 1106 3536 esse

147 3582 363 3663 quadruplex
387 3600 488 3653 error,
513 3581 643 3643 scilicet
659 3600 753 3642 error
760 3585 914 3658 persono,
935 3598 1028 3641 error
1035 3578 1108 3655 for-

1027 3718 1053 3759 1⁹
