<?xml version="1.0" encoding="UTF-8"?>
<!DOCTYPE html PUBLIC "-//W3C//DTD XHTML 1.0 Transitional//EN"
    "http://www.w3.org/TR/xhtml1/DTD/xhtml1-transitional.dtd">
<html xmlns="http://www.w3.org/1999/xhtml" xml:lang="en" lang="en">
 <head>
  <title>
</title>
<meta http-equiv="Content-Type" content="text/html;charset=utf-8" />
  <meta name='ocr-system' content='tesseract 3.04.00' />
  <meta name='ocr-capabilities' content='ocr_page ocr_carea ocr_par ocr_line ocrx_word'/>
</head>
<body>
  <div class='ocr_page' id='page_1' title='image "./commentariainli02scotgoog_0114.png"; bbox 0 0 2600 4200; ppageno 0'>
   <div class='ocr_carea' id='block_1_1' title="bbox 251 264 917 343">
    <p class='ocr_par' dir='ltr' id='par_1_1' title="bbox 251 264 917 343">
     <span class='ocr_line' id='line_1_1' title="bbox 251 264 917 343; baseline -0.003 -17"><span class='ocrx_word' id='word_1_1' title='bbox 251 267 293 343; x_wconf 88' lang='lat'>98</span> <span class='ocrx_word' id='word_1_2' title='bbox 452 264 528 326; x_wconf 80' lang='lat' dir='ltr'>Lra.</span> <span class='ocrx_word' id='word_1_3' title='bbox 553 265 598 326; x_wconf 85' lang='lat'>111</span> <span class='ocrx_word' id='word_1_4' title='bbox 623 264 917 327; x_wconf 79' lang='lat' dir='ltr'>Sauranrmnun</span> 
     </span>
    </p>
   </div>
   <div class='ocr_carea' id='block_1_2' title="bbox 230 466 1289 2985">
    <p class='ocr_par' dir='ltr' id='par_1_2' title="bbox 230 466 1196 1405">
     <span class='ocr_line' id='line_1_2' title="bbox 297 466 1189 550; baseline -0.003 -20"><span class='ocrx_word' id='word_1_5' title='bbox 297 469 417 550; x_wconf 81' lang='lat' dir='ltr'><em>Aliqui</em></span> <span class='ocrx_word' id='word_1_6' title='bbox 437 469 537 532; x_wconf 79' lang='lat' dir='ltr'>aliter</span> <span class='ocrx_word' id='word_1_7' title='bbox 552 468 695 550; x_wconf 80' lang='lat' dir='ltr'>probant</span> <span class='ocrx_word' id='word_1_8' title='bbox 728 469 821 530; x_wconf 90' lang='lat' dir='ltr'>istam</span> <span class='ocrx_word' id='word_1_9' title='bbox 857 467 1096 530; x_wconf 86' lang='lat' dir='ltr'>conclusionem</span> <span class='ocrx_word' id='word_1_10' title='bbox 1125 466 1189 529; x_wconf 88' lang='lat' dir='ltr'>sic:</span> 
     </span>
     <span class='ocr_line' id='line_1_3' title="bbox 230 574 1191 657; baseline -0.003 -19"><span class='ocrx_word' id='word_1_11' title='bbox 230 577 373 640; x_wconf 83' lang='lat' dir='ltr'>actiones</span> <span class='ocrx_word' id='word_1_12' title='bbox 389 585 463 638; x_wconf 92' lang='lat' dir='ltr'>sunt</span> <span class='ocrx_word' id='word_1_13' title='bbox 476 577 732 657; x_wconf 88' lang='lat' dir='ltr'>suppositorum;</span> <span class='ocrx_word' id='word_1_14' title='bbox 750 577 805 637; x_wconf 89' lang='lat' dir='ltr'>sed</span> <span class='ocrx_word' id='word_1_15' title='bbox 823 575 1027 656; x_wconf 90' lang='lat' dir='ltr'>suppositum</span> <span class='ocrx_word' id='word_1_16' title='bbox 1044 574 1191 637; x_wconf 91' lang='lat' dir='ltr'>divinum</span> 
     </span>
     <span class='ocr_line' id='line_1_4' title="bbox 231 681 1194 765; baseline -0.003 -20"><span class='ocrx_word' id='word_1_17' title='bbox 231 684 321 765; x_wconf 91' lang='lat' dir='ltr'>quod</span> <span class='ocrx_word' id='word_1_18' title='bbox 337 694 384 745; x_wconf 87' lang='lat' dir='ltr'>est</span> <span class='ocrx_word' id='word_1_19' title='bbox 401 682 432 743; x_wconf 90' lang='lat' dir='ltr'>in</span> <span class='ocrx_word' id='word_1_20' title='bbox 449 682 579 746; x_wconf 88' lang='lat' dir='ltr'>Christo</span> <span class='ocrx_word' id='word_1_21' title='bbox 593 703 658 744; x_wconf 93' lang='lat' dir='ltr'>non</span> <span class='ocrx_word' id='word_1_22' title='bbox 671 689 779 763; x_wconf 80' lang='lat' dir='ltr'>potest</span> <span class='ocrx_word' id='word_1_23' title='bbox 792 701 938 763; x_wconf 82' lang='lat' dir='ltr'>peccare3</span> <span class='ocrx_word' id='word_1_24' title='bbox 955 703 1033 763; x_wconf 84' lang='lat' dir='ltr'>ergo</span> <span class='ocrx_word' id='word_1_25' title='bbox 1047 681 1194 746; x_wconf 86' lang='lat' dir='ltr'>Christus</span> 
     </span>
     <span class='ocr_line' id='line_1_5' title="bbox 232 787 1194 871; baseline -0.005 -18"><span class='ocrx_word' id='word_1_26' title='bbox 232 811 297 853; x_wconf 93' lang='lat' dir='ltr'>non</span> <span class='ocrx_word' id='word_1_27' title='bbox 322 799 429 871; x_wconf 90' lang='lat' dir='ltr'>potest</span> <span class='ocrx_word' id='word_1_28' title='bbox 453 810 596 871; x_wconf 87' lang='lat' dir='ltr'>peccare.</span> <span class='ocrx_word' id='word_1_29' title='bbox 621 828 665 835; x_wconf 90' lang='lat'>—</span> <span class='ocrx_word' id='word_1_30' title='bbox 688 789 852 852; x_wconf 78' lang='lat' dir='ltr'>Proererea</span> <span class='ocrx_word' id='word_1_31' title='bbox 887 789 970 854; x_wconf 86' lang='lat' dir='ltr'>actio</span> <span class='ocrx_word' id='word_1_32' title='bbox 1005 809 1070 850; x_wconf 92' lang='lat' dir='ltr'>non</span> <span class='ocrx_word' id='word_1_33' title='bbox 1105 787 1194 850; x_wconf 86' lang='lat' dir='ltr'>attri-</span> 
     </span>
     <span class='ocr_line' id='line_1_6' title="bbox 232 894 1194 977; baseline -0.003 -19"><span class='ocrx_word' id='word_1_34' title='bbox 232 897 341 958; x_wconf 84' lang='lat' dir='ltr'>buitur</span> <span class='ocrx_word' id='word_1_35' title='bbox 365 896 473 977; x_wconf 83' lang='lat' dir='ltr'>agenti</span> <span class='ocrx_word' id='word_1_36' title='bbox 498 896 734 958; x_wconf 90' lang='lat' dir='ltr'>instrumentali</span> <span class='ocrx_word' id='word_1_37' title='bbox 765 896 832 957; x_wconf 92' lang='lat' dir='ltr'>imo</span> <span class='ocrx_word' id='word_1_38' title='bbox 866 894 1050 957; x_wconf 84' lang='lat' dir='ltr'>attribuitur</span> <span class='ocrx_word' id='word_1_39' title='bbox 1084 894 1194 976; x_wconf 83' lang='lat' dir='ltr'>agenti</span> 
     </span>
     <span class='ocr_line' id='line_1_7' title="bbox 233 1001 1196 1086; baseline -0.003 -21"><span class='ocrx_word' id='word_1_40' title='bbox 233 1002 400 1086; x_wconf 90' lang='lat' dir='ltr'>principali</span> <span class='ocrx_word' id='word_1_41' title='bbox 415 1025 423 1079; x_wconf 91' lang='lat'>;</span> <span class='ocrx_word' id='word_1_42' title='bbox 447 1004 504 1064; x_wconf 89' lang='lat' dir='ltr'>sed</span> <span class='ocrx_word' id='word_1_43' title='bbox 521 1003 553 1064; x_wconf 93' lang='lat' dir='ltr'>in</span> <span class='ocrx_word' id='word_1_44' title='bbox 569 1003 750 1065; x_wconf 86' lang='lat' dir='ltr'>actionibus</span> <span class='ocrx_word' id='word_1_45' title='bbox 771 1002 899 1076; x_wconf 84' lang='lat' dir='ltr'>Christi,</span> <span class='ocrx_word' id='word_1_46' title='bbox 913 1011 1027 1064; x_wconf 90' lang='lat' dir='ltr'>natura</span> <span class='ocrx_word' id='word_1_47' title='bbox 1051 1001 1196 1062; x_wconf 90' lang='lat' dir='ltr'>humana</span> 
     </span>
     <span class='ocr_line' id='line_1_8' title="bbox 232 1109 1196 1192; baseline -0.003 -21"><span class='ocrx_word' id='word_1_48' title='bbox 232 1120 281 1172; x_wconf 87' lang='lat' dir='ltr'>est</span> <span class='ocrx_word' id='word_1_49' title='bbox 315 1110 578 1183; x_wconf 86' lang='lat' dir='ltr'>instrumentum,</span> <span class='ocrx_word' id='word_1_50' title='bbox 603 1131 660 1192; x_wconf 91' lang='lat' dir='ltr'>per</span> <span class='ocrx_word' id='word_1_51' title='bbox 673 1109 916 1172; x_wconf 88' lang='lat' dir='ltr'>Damascenum</span> <span class='ocrx_word' id='word_1_52' title='bbox 942 1109 1011 1171; x_wconf 86' lang='lat' dir='ltr'>Lib.</span> <span class='ocrx_word' id='word_1_53' title='bbox 1032 1127 1092 1188; x_wconf 73' lang='lat' dir='ltr'>j.,·</span> <span class='ocrx_word' id='word_1_54' title='bbox 1116 1128 1196 1189; x_wconf 84' lang='lat' dir='ltr'>ergo</span> 
     </span>
     <span class='ocr_line' id='line_1_9' title="bbox 234 1215 1196 1298; baseline -0.003 -20"><span class='ocrx_word' id='word_1_55' title='bbox 234 1217 305 1278; x_wconf 88' lang='lat' dir='ltr'>talis</span> <span class='ocrx_word' id='word_1_56' title='bbox 328 1217 414 1278; x_wconf 89' lang='lat' dir='ltr'>actio</span> <span class='ocrx_word' id='word_1_57' title='bbox 437 1217 593 1298; x_wconf 89' lang='lat' dir='ltr'>peccandi</span> <span class='ocrx_word' id='word_1_58' title='bbox 616 1217 802 1279; x_wconf 84' lang='lat' dir='ltr'>attribuitur</span> <span class='ocrx_word' id='word_1_59' title='bbox 827 1216 907 1278; x_wconf 85' lang='lat' dir='ltr'>Deo</span> <span class='ocrx_word' id='word_1_60' title='bbox 927 1215 990 1279; x_wconf 87' lang='lat' dir='ltr'>Sed</span> <span class='ocrx_word' id='word_1_61' title='bbox 1016 1217 1106 1278; x_wconf 89' lang='lat' dir='ltr'>Deus</span> <span class='ocrx_word' id='word_1_62' title='bbox 1129 1235 1196 1276; x_wconf 94' lang='lat' dir='ltr'>non</span> 
     </span>
     <span class='ocr_line' id='line_1_10' title="bbox 236 1321 889 1405; baseline 0 -21"><span class='ocrx_word' id='word_1_63' title='bbox 236 1331 343 1404; x_wconf 90' lang='lat' dir='ltr'>potest</span> <span class='ocrx_word' id='word_1_64' title='bbox 366 1342 521 1404; x_wconf 88' lang='lat' dir='ltr'>peccare;</span> <span class='ocrx_word' id='word_1_65' title='bbox 545 1343 624 1405; x_wconf 84' lang='lat' dir='ltr'>ergo</span> <span class='ocrx_word' id='word_1_66' title='bbox 648 1343 708 1385; x_wconf 87' lang='lat' dir='ltr'>nec</span> <span class='ocrx_word' id='word_1_67' title='bbox 732 1321 889 1386; x_wconf 89' lang='lat' dir='ltr'>Christus.</span> 
     </span>
    </p>

    <p class='ocr_par' dir='ltr' id='par_1_3' title="bbox 235 1428 1203 2237">
     <span class='ocr_line' id='line_1_11' title="bbox 303 1428 1198 1509; baseline -0.002 -19"><span class='ocrx_word' id='word_1_68' title='bbox 303 1430 377 1491; x_wconf 83' lang='lat' dir='ltr'>Istoe</span> <span class='ocrx_word' id='word_1_69' title='bbox 400 1430 542 1491; x_wconf 81' lang='lat' dir='ltr'>rationes</span> <span class='ocrx_word' id='word_1_70' title='bbox 565 1450 630 1492; x_wconf 93' lang='lat' dir='ltr'>non</span> <span class='ocrx_word' id='word_1_71' title='bbox 655 1430 773 1494; x_wconf 89' lang='lat' dir='ltr'>valent.</span> <span class='ocrx_word' id='word_1_72' title='bbox 798 1429 916 1491; x_wconf 83' lang='lat' dir='ltr'>Prima</span> <span class='ocrx_word' id='word_1_73' title='bbox 933 1449 1008 1502; x_wconf 95' lang='lat' dir='ltr'>non,</span> <span class='ocrx_word' id='word_1_74' title='bbox 1025 1428 1100 1509; x_wconf 91' lang='lat' dir='ltr'>quia</span> <span class='ocrx_word' id='word_1_75' title='bbox 1120 1447 1198 1489; x_wconf 91' lang='lat' dir='ltr'>cum</span> 
     </span>
     <span class='ocr_line' id='line_1_12' title="bbox 237 1536 1198 1617; baseline -0.004 -19"><span class='ocrx_word' id='word_1_76' title='bbox 237 1536 353 1598; x_wconf 92' lang='lat' dir='ltr'>dicitur</span> <span class='ocrx_word' id='word_1_77' title='bbox 387 1537 478 1617; x_wconf 90' lang='lat' dir='ltr'>quod</span> <span class='ocrx_word' id='word_1_78' title='bbox 512 1537 655 1598; x_wconf 84' lang='lat' dir='ltr'>actiones</span> <span class='ocrx_word' id='word_1_79' title='bbox 689 1544 765 1598; x_wconf 88' lang='lat' dir='ltr'>sunt</span> <span class='ocrx_word' id='word_1_80' title='bbox 799 1537 1052 1617; x_wconf 88' lang='lat' dir='ltr'>suppositorum,</span> <span class='ocrx_word' id='word_1_81' title='bbox 1083 1554 1198 1596; x_wconf 83' lang='lat' dir='ltr'>verum</span> 
     </span>
     <span class='ocr_line' id='line_1_13' title="bbox 235 1639 1201 1725; baseline -0.002 -21"><span class='ocrx_word' id='word_1_82' title='bbox 235 1652 284 1704; x_wconf 87' lang='lat' dir='ltr'>est</span> <span class='ocrx_word' id='word_1_83' title='bbox 309 1643 339 1703; x_wconf 94' lang='lat' dir='ltr'>in</span> <span class='ocrx_word' id='word_1_84' title='bbox 365 1643 488 1704; x_wconf 90' lang='lat' dir='ltr'>ratione</span> <span class='ocrx_word' id='word_1_85' title='bbox 511 1643 646 1725; x_wconf 73' lang='lat' dir='ltr'>agentis</span> <span class='ocrx_word' id='word_1_86' title='bbox 664 1643 719 1704; x_wconf 91' lang='lat' dir='ltr'>sed</span> <span class='ocrx_word' id='word_1_87' title='bbox 745 1663 809 1704; x_wconf 93' lang='lat' dir='ltr'>non</span> <span class='ocrx_word' id='word_1_88' title='bbox 833 1652 881 1704; x_wconf 88' lang='lat' dir='ltr'>est</span> <span class='ocrx_word' id='word_1_89' title='bbox 897 1662 1010 1704; x_wconf 91' lang='lat' dir='ltr'>verum</span> <span class='ocrx_word' id='word_1_90' title='bbox 1028 1641 1058 1702; x_wconf 93' lang='lat' dir='ltr'>in</span> <span class='ocrx_word' id='word_1_91' title='bbox 1075 1639 1201 1702; x_wconf 87' lang='lat' dir='ltr'>ratione</span> 
     </span>
     <span class='ocr_line' id='line_1_14' title="bbox 237 1749 1200 1832; baseline -0.003 -21"><span class='ocrx_word' id='word_1_92' title='bbox 237 1749 355 1831; x_wconf 83' lang='lat' dir='ltr'>agendi</span> <span class='ocrx_word' id='word_1_93' title='bbox 379 1749 455 1830; x_wconf 87' lang='lat' dir='ltr'>quia</span> <span class='ocrx_word' id='word_1_94' title='bbox 482 1749 514 1812; x_wconf 91' lang='lat' dir='ltr'>in</span> <span class='ocrx_word' id='word_1_95' title='bbox 539 1750 662 1811; x_wconf 91' lang='lat' dir='ltr'>ratione</span> <span class='ocrx_word' id='word_1_96' title='bbox 686 1749 803 1832; x_wconf 84' lang='lat' dir='ltr'>agendi</span> <span class='ocrx_word' id='word_1_97' title='bbox 838 1758 914 1811; x_wconf 87' lang='lat' dir='ltr'>sunt</span> <span class='ocrx_word' id='word_1_98' title='bbox 938 1758 1071 1820; x_wconf 74' lang='lat' dir='ltr'>naturae,</span> <span class='ocrx_word' id='word_1_99' title='bbox 1096 1756 1129 1809; x_wconf 88' lang='lat' dir='ltr'>ct</span> <span class='ocrx_word' id='word_1_100' title='bbox 1153 1755 1200 1808; x_wconf 86' lang='lat' dir='ltr'>at-</span> 
     </span>
     <span class='ocr_line' id='line_1_15' title="bbox 237 1855 1201 1937; baseline -0.001 -20"><span class='ocrx_word' id='word_1_101' title='bbox 237 1856 423 1918; x_wconf 89' lang='lat' dir='ltr'>tribuuntur</span> <span class='ocrx_word' id='word_1_102' title='bbox 447 1856 616 1937; x_wconf 89' lang='lat' dir='ltr'>supposito</span> <span class='ocrx_word' id='word_1_103' title='bbox 649 1877 706 1937; x_wconf 90' lang='lat' dir='ltr'>per</span> <span class='ocrx_word' id='word_1_104' title='bbox 741 1865 901 1927; x_wconf 90' lang='lat' dir='ltr'>naturam,</span> <span class='ocrx_word' id='word_1_105' title='bbox 934 1856 1020 1917; x_wconf 90' lang='lat' dir='ltr'>unde</span> <span class='ocrx_word' id='word_1_106' title='bbox 1042 1855 1201 1936; x_wconf 85' lang='lat' dir='ltr'>quemad-</span> 
     </span>
     <span class='ocr_line' id='line_1_16' title="bbox 240 1960 1202 2025; baseline -0.002 -2"><span class='ocrx_word' id='word_1_107' title='bbox 240 1963 376 2024; x_wconf 89' lang='lat' dir='ltr'>modum</span> <span class='ocrx_word' id='word_1_108' title='bbox 413 1961 559 2025; x_wconf 88' lang='lat' dir='ltr'>Christus</span> <span class='ocrx_word' id='word_1_109' title='bbox 591 1963 788 2024; x_wconf 88' lang='lat' dir='ltr'>moriebatur</span> <span class='ocrx_word' id='word_1_110' title='bbox 824 1963 946 2024; x_wconf 88' lang='lat' dir='ltr'>ratione</span> <span class='ocrx_word' id='word_1_111' title='bbox 985 1969 1108 2023; x_wconf 87' lang='lat' dir='ltr'>naturae</span> <span class='ocrx_word' id='word_1_112' title='bbox 1146 1960 1202 2022; x_wconf 80' lang='lat' dir='ltr'>liu-</span> 
     </span>
     <span class='ocr_line' id='line_1_17' title="bbox 240 2067 1203 2151; baseline -0.002 -20"><span class='ocrx_word' id='word_1_113' title='bbox 240 2089 356 2140; x_wconf 85' lang='lat' dir='ltr'>manae,</span> <span class='ocrx_word' id='word_1_114' title='bbox 392 2068 436 2130; x_wconf 92' lang='lat' dir='ltr'>ita</span> <span class='ocrx_word' id='word_1_115' title='bbox 470 2069 697 2132; x_wconf 84' lang='lat' dir='ltr'>attribueretur</span> <span class='ocrx_word' id='word_1_116' title='bbox 722 2069 749 2132; x_wconf 89' lang='lat' dir='ltr'>ei</span> <span class='ocrx_word' id='word_1_117' title='bbox 774 2069 854 2132; x_wconf 88' lang='lat' dir='ltr'>ratio</span> <span class='ocrx_word' id='word_1_118' title='bbox 889 2068 1044 2151; x_wconf 86' lang='lat' dir='ltr'>peccandi</span> <span class='ocrx_word' id='word_1_119' title='bbox 1079 2067 1203 2131; x_wconf 89' lang='lat' dir='ltr'>ratione</span> 
     </span>
     <span class='ocr_line' id='line_1_18' title="bbox 240 2174 552 2237; baseline 0 0"><span class='ocrx_word' id='word_1_120' title='bbox 240 2185 364 2237; x_wconf 75' lang='lat' dir='ltr'>naturae</span> <span class='ocrx_word' id='word_1_121' title='bbox 389 2174 552 2237; x_wconf 82' lang='lat' dir='ltr'>humanae.</span> 
     </span>
    </p>

    <p class='ocr_par' dir='ltr' id='par_1_4' title="bbox 240 2280 1289 2985">
     <span class='ocr_line' id='line_1_19' title="bbox 308 2280 1289 2364; baseline -0.001 -21"><span class='ocrx_word' id='word_1_122' title='bbox 308 2280 474 2344; x_wconf 81' lang='lat' dir='ltr'>Similiter</span> <span class='ocrx_word' id='word_1_123' title='bbox 484 2284 568 2345; x_wconf 83' lang='lat' dir='ltr'>ratio</span> <span class='ocrx_word' id='word_1_124' title='bbox 586 2285 727 2345; x_wconf 81' lang='lat' dir='ltr'>secunda</span> <span class='ocrx_word' id='word_1_125' title='bbox 742 2303 806 2345; x_wconf 93' lang='lat' dir='ltr'>non</span> <span class='ocrx_word' id='word_1_126' title='bbox 819 2286 914 2354; x_wconf 88' lang='lat' dir='ltr'>valet,</span> <span class='ocrx_word' id='word_1_127' title='bbox 927 2282 1003 2364; x_wconf 87' lang='lat' dir='ltr'>quia</span> <span class='ocrx_word' id='word_1_128' title='bbox 1019 2282 1204 2363; x_wconf 77' lang='lat' dir='ltr'>aequivocat</span> <span class='ocrx_word' id='word_1_129' title='bbox 1288 2302 1289 2305; x_wconf 45' lang='lat'>¹</span> 
     </span>
     <span class='ocr_line' id='line_1_20' title="bbox 240 2389 1203 2471; baseline 0 -22"><span class='ocrx_word' id='word_1_130' title='bbox 240 2390 281 2449; x_wconf 92' lang='lat' dir='ltr'>de</span> <span class='ocrx_word' id='word_1_131' title='bbox 305 2389 520 2451; x_wconf 87' lang='lat' dir='ltr'>instrumento</span> <span class='ocrx_word' id='word_1_132' title='bbox 555 2390 631 2471; x_wconf 92' lang='lat' dir='ltr'>quia</span> <span class='ocrx_word' id='word_1_133' title='bbox 666 2391 832 2471; x_wconf 87' lang='lat' dir='ltr'>quoddam</span> <span class='ocrx_word' id='word_1_134' title='bbox 868 2400 916 2452; x_wconf 89' lang='lat' dir='ltr'>est</span> <span class='ocrx_word' id='word_1_135' title='bbox 950 2390 1203 2451; x_wconf 90' lang='lat' dir='ltr'>instrumentum</span> 
     </span>
     <span class='ocr_line' id='line_1_21' title="bbox 241 2494 1204 2577; baseline 0.001 -23"><span class='ocrx_word' id='word_1_136' title='bbox 241 2494 466 2574; x_wconf 89' lang='lat' dir='ltr'>inanimatum,</span> <span class='ocrx_word' id='word_1_137' title='bbox 490 2505 521 2556; x_wconf 88' lang='lat' dir='ltr'>et</span> <span class='ocrx_word' id='word_1_138' title='bbox 545 2497 714 2576; x_wconf 90' lang='lat' dir='ltr'>quoddam</span> <span class='ocrx_word' id='word_1_139' title='bbox 742 2496 943 2569; x_wconf 79' lang='lat' dir='ltr'>animatum;</span> <span class='ocrx_word' id='word_1_140' title='bbox 969 2496 1058 2577; x_wconf 88' lang='lat' dir='ltr'>quod</span> <span class='ocrx_word' id='word_1_141' title='bbox 1093 2504 1204 2557; x_wconf 88' lang='lat' dir='ltr'>autem</span> 
     </span>
     <span class='ocr_line' id='line_1_22' title="bbox 242 2601 1206 2674; baseline 0 -12"><span class='ocrx_word' id='word_1_142' title='bbox 242 2601 366 2674; x_wconf 89' lang='lat' dir='ltr'>dicitur,</span> <span class='ocrx_word' id='word_1_143' title='bbox 391 2622 505 2663; x_wconf 87' lang='lat' dir='ltr'>verum</span> <span class='ocrx_word' id='word_1_144' title='bbox 540 2611 588 2663; x_wconf 85' lang='lat' dir='ltr'>est</span> <span class='ocrx_word' id='word_1_145' title='bbox 611 2604 653 2665; x_wconf 90' lang='lat' dir='ltr'>de</span> <span class='ocrx_word' id='word_1_146' title='bbox 684 2602 898 2665; x_wconf 87' lang='lat' dir='ltr'>instrumento</span> <span class='ocrx_word' id='word_1_147' title='bbox 927 2602 1103 2664; x_wconf 88' lang='lat' dir='ltr'>inanimato</span> <span class='ocrx_word' id='word_1_148' title='bbox 1140 2622 1206 2663; x_wconf 92' lang='lat' dir='ltr'>non</span> 
     </span>
     <span class='ocr_line' id='line_1_23' title="bbox 242 2708 1288 2781; baseline 0.001 -13"><span class='ocrx_word' id='word_1_149' title='bbox 242 2717 352 2768; x_wconf 90' lang='lat' dir='ltr'>autem</span> <span class='ocrx_word' id='word_1_150' title='bbox 377 2728 492 2769; x_wconf 87' lang='lat' dir='ltr'>verum</span> <span class='ocrx_word' id='word_1_151' title='bbox 516 2718 564 2770; x_wconf 86' lang='lat' dir='ltr'>cst</span> <span class='ocrx_word' id='word_1_152' title='bbox 585 2710 625 2771; x_wconf 92' lang='lat' dir='ltr'>de</span> <span class='ocrx_word' id='word_1_153' title='bbox 649 2710 864 2771; x_wconf 88' lang='lat' dir='ltr'>instrumento</span> <span class='ocrx_word' id='word_1_154' title='bbox 887 2709 1042 2781; x_wconf 88' lang='lat' dir='ltr'>animato,</span> <span class='ocrx_word' id='word_1_155' title='bbox 1060 2708 1142 2771; x_wconf 89' lang='lat' dir='ltr'>sicut</span> <span class='ocrx_word' id='word_1_156' title='bbox 1157 2716 1209 2769; x_wconf 87' lang='lat' dir='ltr'>est</span> <span class='ocrx_word' id='word_1_157' title='bbox 1287 2738 1288 2755; x_wconf 35' lang='grc' dir='ltr'><strong>κ</strong></span> 
     </span>
     <span class='ocr_line' id='line_1_24' title="bbox 242 2814 1209 2891; baseline 0.001 -16"><span class='ocrx_word' id='word_1_158' title='bbox 242 2814 393 2876; x_wconf 88' lang='lat' dir='ltr'>voluntas</span> <span class='ocrx_word' id='word_1_159' title='bbox 426 2815 533 2877; x_wconf 89' lang='lat' dir='ltr'>libera.</span> <span class='ocrx_word' id='word_1_160' title='bbox 559 2816 656 2891; x_wconf 81' lang='lat' dir='ltr'>Nunc</span> <span class='ocrx_word' id='word_1_161' title='bbox 679 2824 789 2877; x_wconf 91' lang='lat' dir='ltr'>autem</span> <span class='ocrx_word' id='word_1_162' title='bbox 814 2817 845 2878; x_wconf 94' lang='lat' dir='ltr'>in</span> <span class='ocrx_word' id='word_1_163' title='bbox 871 2816 999 2879; x_wconf 86' lang='lat' dir='ltr'>Christo</span> <span class='ocrx_word' id='word_1_164' title='bbox 1034 2825 1149 2877; x_wconf 83' lang='lat' dir='ltr'>natura</span> <span class='ocrx_word' id='word_1_165' title='bbox 1174 2832 1209 2876; x_wconf 87' lang='lat' dir='ltr'>se</span> 
     </span>
     <span class='ocr_line' id='line_1_25' title="bbox 244 2917 1207 2985; baseline 0.002 -5"><span class='ocrx_word' id='word_1_166' title='bbox 244 2918 342 2981; x_wconf 90' lang='lat' dir='ltr'>habet</span> <span class='ocrx_word' id='word_1_167' title='bbox 355 2928 390 2981; x_wconf 93' lang='lat' dir='ltr'>ut</span> <span class='ocrx_word' id='word_1_168' title='bbox 399 2917 650 2984; x_wconf 78' lang='lat' dir='ltr'>instrumentum</span> <span class='ocrx_word' id='word_1_169' title='bbox 665 2923 845 2984; x_wconf 93' lang='lat' dir='ltr'>animatum</span> <span class='ocrx_word' id='word_1_170' title='bbox 858 2933 890 2985; x_wconf 92' lang='lat' dir='ltr'>et</span> <span class='ocrx_word' id='word_1_171' title='bbox 903 2942 967 2984; x_wconf 91' lang='lat' dir='ltr'>non</span> <span class='ocrx_word' id='word_1_172' title='bbox 981 2922 1207 2983; x_wconf 88' lang='lat' dir='ltr'>inanimatum.</span> 
     </span>
    </p>
   </div>
   <div class='ocr_carea' id='block_1_3' title="bbox 246 3132 1287 3751">
    <p class='ocr_par' dir='ltr' id='par_1_5' title="bbox 246 3132 1287 3642">
     <span class='ocr_line' id='line_1_26' title="bbox 312 3132 1287 3217; baseline 0.003 -23"><span class='ocrx_word' id='word_1_173' title='bbox 312 3132 373 3194; x_wconf 85' lang='lat' dir='ltr'>An</span> <span class='ocrx_word' id='word_1_174' title='bbox 398 3148 541 3197; x_wconf 74' lang='lat' dir='ltr'>Parnon</span> <span class='ocrx_word' id='word_1_175' title='bbox 566 3150 783 3199; x_wconf 75' lang='lat' dir='ltr'>uninomina</span> <span class='ocrx_word' id='word_1_176' title='bbox 815 3136 888 3199; x_wconf 84' lang='lat' dir='ltr'>dico</span> <span class='ocrx_word' id='word_1_177' title='bbox 911 3137 1001 3217; x_wconf 88' lang='lat' dir='ltr'>quod</span> <span class='ocrx_word' id='word_1_178' title='bbox 1035 3136 1126 3198; x_wconf 85' lang='lat' dir='ltr'>aliter</span> <span class='ocrx_word' id='word_1_179' title='bbox 1161 3146 1211 3197; x_wconf 84' lang='lat' dir='ltr'>est</span> <span class='ocrx_word' id='word_1_180' title='bbox 1286 3146 1287 3189; x_wconf 53' lang='lat' dir='ltr'>t</span> 
     </span>
     <span class='ocr_line' id='line_1_27' title="bbox 246 3240 1210 3323; baseline 0.003 -23"><span class='ocrx_word' id='word_1_181' title='bbox 246 3240 351 3301; x_wconf 90' lang='lat' dir='ltr'>dicere</span> <span class='ocrx_word' id='word_1_182' title='bbox 375 3241 563 3313; x_wconf 87' lang='lat' dir='ltr'>orationem,</span> <span class='ocrx_word' id='word_1_183' title='bbox 578 3252 610 3303; x_wconf 89' lang='lat' dir='ltr'>et</span> <span class='ocrx_word' id='word_1_184' title='bbox 626 3243 712 3305; x_wconf 87' lang='lat' dir='ltr'>aliud</span> <span class='ocrx_word' id='word_1_185' title='bbox 728 3242 841 3305; x_wconf 81' lang='lat' dir='ltr'>afferre</span> <span class='ocrx_word' id='word_1_186' title='bbox 857 3244 1035 3307; x_wconf 87' lang='lat' dir='ltr'>orationem</span> <span class='ocrx_word' id='word_1_187' title='bbox 1050 3252 1210 3323; x_wconf 88' lang='lat' dir='ltr'>tanquam</span> 
     </span>
     <span class='ocr_line' id='line_1_28' title="bbox 246 3346 1211 3429; baseline 0.003 -22"><span class='ocrx_word' id='word_1_188' title='bbox 246 3366 366 3407; x_wconf 85' lang='lat' dir='ltr'>veram.</span> <span class='ocrx_word' id='word_1_189' title='bbox 392 3346 540 3410; x_wconf 87' lang='lat' dir='ltr'>Christus</span> <span class='ocrx_word' id='word_1_190' title='bbox 574 3359 684 3410; x_wconf 84' lang='lat' dir='ltr'>autem</span> <span class='ocrx_word' id='word_1_191' title='bbox 710 3351 817 3429; x_wconf 87' lang='lat' dir='ltr'>potuit</span> <span class='ocrx_word' id='word_1_192' title='bbox 840 3350 946 3412; x_wconf 88' lang='lat' dir='ltr'>dicere</span> <span class='ocrx_word' id='word_1_193' title='bbox 980 3350 1066 3412; x_wconf 87' lang='lat' dir='ltr'>illam</span> <span class='ocrx_word' id='word_1_194' title='bbox 1090 3349 1211 3411; x_wconf 91' lang='lat' dir='ltr'>oratio·</span> 
     </span>
     <span class='ocr_line' id='line_1_29' title="bbox 248 3453 1213 3538; baseline 0.004 -25"><span class='ocrx_word' id='word_1_195' title='bbox 248 3472 334 3525; x_wconf 91' lang='lat' dir='ltr'>nem,</span> <span class='ocrx_word' id='word_1_196' title='bbox 361 3453 417 3514; x_wconf 88' lang='lat' dir='ltr'>sed</span> <span class='ocrx_word' id='word_1_197' title='bbox 443 3474 508 3515; x_wconf 93' lang='lat' dir='ltr'>non</span> <span class='ocrx_word' id='word_1_198' title='bbox 533 3464 662 3536; x_wconf 89' lang='lat' dir='ltr'>poterat</span> <span class='ocrx_word' id='word_1_199' title='bbox 685 3456 771 3517; x_wconf 84' lang='lat' dir='ltr'>illam</span> <span class='ocrx_word' id='word_1_200' title='bbox 799 3476 947 3529; x_wconf 85' lang='lat' dir='ltr'>asserere,</span> <span class='ocrx_word' id='word_1_201' title='bbox 971 3466 1141 3538; x_wconf 89' lang='lat' dir='ltr'>tamquam</span> <span class='ocrx_word' id='word_1_202' title='bbox 1160 3476 1213 3517; x_wconf 82' lang='lat' dir='ltr'>re</span> 
     </span>
     <span class='ocr_line' id='line_1_30' title="bbox 248 3559 1286 3642; baseline 0.009 -24"><span class='ocrx_word' id='word_1_203' title='bbox 248 3578 329 3628; x_wconf 89' lang='lat' dir='ltr'>ram,</span> <span class='ocrx_word' id='word_1_204' title='bbox 354 3559 430 3639; x_wconf 87' lang='lat' dir='ltr'>quia</span> <span class='ocrx_word' id='word_1_205' title='bbox 454 3581 519 3621; x_wconf 95' lang='lat' dir='ltr'>non</span> <span class='ocrx_word' id='word_1_206' title='bbox 544 3570 673 3642; x_wconf 88' lang='lat' dir='ltr'>poterat</span> <span class='ocrx_word' id='word_1_207' title='bbox 697 3562 834 3625; x_wconf 85' lang='lat' dir='ltr'>mentiri.</span> <span class='ocrx_word' id='word_1_208' title='bbox 1285 3560 1286 3593; x_wconf 71' lang='lat'>³</span> 
     </span>
    </p>

    <p class='ocr_par' dir='ltr' id='par_1_6' title="bbox 315 3602 1286 3751">
     <span class='ocr_line' id='line_1_31' title="bbox 315 3665 1211 3751; baseline 0.007 -27"><span class='ocrx_word' id='word_1_209' title='bbox 315 3665 374 3725; x_wconf 83' lang='lat' dir='ltr'>Ad</span> <span class='ocrx_word' id='word_1_210' title='bbox 382 3666 557 3728; x_wconf 84' lang='lat' dir='ltr'>secundum</span> <span class='ocrx_word' id='word_1_211' title='bbox 581 3668 655 3729; x_wconf 86' lang='lat' dir='ltr'>dico</span> <span class='ocrx_word' id='word_1_212' title='bbox 667 3669 756 3749; x_wconf 92' lang='lat' dir='ltr'>quod</span> <span class='ocrx_word' id='word_1_213' title='bbox 781 3679 895 3731; x_wconf 87' lang='lat' dir='ltr'>natura</span> <span class='ocrx_word' id='word_1_214' title='bbox 908 3690 1009 3751; x_wconf 89' lang='lat' dir='ltr'>quam</span> <span class='ocrx_word' id='word_1_215' title='bbox 1025 3670 1211 3750; x_wconf 88' lang='lat' dir='ltr'>assumpsit.</span> 
     </span>
    </p>
   </div>
   <div class='ocr_carea' id='block_1_4' title="bbox 0 0 1326 4200">
    <p class='ocr_par' dir='ltr' id='par_1_7' title="bbox 0 0 1326 4200">
     <span class='ocr_line' id='line_1_32' title="bbox 0 0 1326 4200; baseline 0 0"><span class='ocrx_word' id='word_1_216' title='bbox 0 0 1326 4200; x_wconf 95' lang='lat' dir='ltr'> </span> 
     </span>
    </p>
   </div>
  </div>
 </body>
</html>
