2600 4200
226 198 289 253 ²34
452 178 526 237 Lm.
553 177 605 239 IV
631 177 935 239 Snx'renrmntut

290 408 354 470 De
376 408 555 470 seonmlo
579 406 784 483 Articuli),
813 410 841 469 si
877 410 987 488 possit
1022 410 1172 469 mortale

201 525 379 594 peccatum
404 534 472 575 non
496 512 691 575 confessum
715 534 759 575 ex
784 524 876 577 certa
910 516 1053 577 scientia
1088 526 1171 595 post

201 622 290 682 hanc
314 623 420 682 vitam
445 621 581 690 dimitti,
606 622 683 681 dico
707 641 775 702 quo
800 642 878 692 non,
903 623 985 701 quia
1008 641 1070 701 pro
1105 623 1169 682 tali

203 738 343 808 peccato
368 748 436 789 non
461 728 604 789 dimisso
626 746 732 807 poena
755 728 871 789 debita
885 736 938 789 est
954 748 1059 809 poena
1076 729 1171 789 dam·

202 836 352 896 nationis
376 845 536 905 aeternae;
561 834 622 894 sed
646 836 713 895 ista
735 854 840 915 poena
870 854 938 895 non
969 836 1167 895 remittitur.

292 1012 356 1074 De
380 1012 503 1074 tortio
519 1010 725 1086 Articuli),
750 1021 914 1091 quantum
932 1011 974 1071 ad
987 1020 1166 1091 peccatum

202 1119 337 1179 veniale
361 1130 497 1198 oportet
520 1120 637 1180 videre
661 1139 740 1199 quae
764 1139 866 1199 poena
891 1120 1169 1197 sibicorrespon·

203 1228 282 1287 deat
298 1228 485 1288 secundum
502 1225 567 1288 Dei
581 1226 760 1307 justitiam.
775 1225 820 1287 Et
836 1226 961 1287 dicitur
977 1226 1165 1286 secundum

203 1353 305 1394 unam
340 1334 547 1413 opinionem.
583 1334 675 1413 quod
709 1343 849 1414 peccato
884 1333 1011 1393 veniali
1039 1339 1101 1409 per
1132 1354 1168 1391 se

202 1441 467 1519 correspondeat
495 1460 600 1519 poena
634 1450 764 1502 aeterna
792 1448 854 1517 per
886 1440 1027 1499 accidens
1060 1458 1167 1517 poena

204 1547 412 1625 temporalis.

292 1652 461 1714 Probatur
478 1656 632 1730 primam,
662 1654 743 1733 quia
766 1654 794 1713 si
812 1653 890 1731 quis
906 1652 1085 1713 damnetur
1101 1670 1166 1731 pro

205 1759 340 1819 mortali
365 1769 399 1819 et
422 1759 546 1819 habeat
562 1759 707 1827 veniale,
724 1778 787 1838 pro
804 1760 870 1819 isto
886 1758 1012 1819 veniali
1030 1777 1167 1837 semper

203 1868 374 1945 punietur,
399 1866 484 1925 alias
508 1866 542 1926 in
566 1863 701 1926 inferno
725 1875 841 1945 posset
865 1884 941 1926 esse
974 1866 1166 1943 redemptio

203 1971 347 2052 alicujus
371 1974 521 2052 peccati;
547 1974 607 2033 sed
632 1992 701 2033 non
724 1973 903 2053 puniretur
927 1991 947 2031 a
970 1971 1045 2031 Deo
1070 1981 1167 2032 aeter-

204 2080 327 2140 naliter
338 2080 403 2140 nisi
413 2078 505 2158 juste
516 2099 621 2158 poena
632 2088 762 2140 aeterna
778 2079 843 2140 sibi
861 2078 1049 2150 deberetur;
1067 2096 1163 2160 ergo

293 2187 468 2246 Secundum
504 2188 678 2265 probatur,
703 2188 784 2266 quia
818 2195 993 2266 peccatum
1030 2185 1166 2246 veniale

203 2304 271 2354 stat
295 2311 372 2353 cum
396 2293 561 2354 charitate
585 2312 645 2372 per
669 2311 770 2372 quam
795 2293 897 2353 homo
921 2293 1098 2354 ordinatur
1122 2294 1165 2353 ad

204 2419 360 2480 regnum,
385 2410 419 2459 et
442 2418 503 2477 per
527 2418 751 2478 consequens,
776 2401 908 2460 ratione
932 2399 1026 2460 illius
1060 2418 1167 2478 poena

204 2507 333 2586 peccati
360 2505 505 2565 venialis
528 2516 581 2565 est
604 2506 813 2586 temporalia

297 2613 410 2671 Conna
422 2616 564 2688 primrem
583 2615 740 2693 arguitur
755 2613 946 2691 dupliciter.
965 2612 1076 2671 Primo
1093 2613 1164 2672 sic:

203 2720 289 2781 Cum
313 2719 478 2779 charitate
503 2738 570 2779 non
594 2727 663 2780 stat
687 2719 838 2780 debitum
862 2738 976 2798 puenae
1001 2729 1164 2786 aeternae‚

204 2827 264 2887 sed
288 2845 364 2886 cum
400 2826 565 2886 charitate
600 2835 669 2886 stat
703 2834 879 2905 peccatum
915 2825 1059 2894 veniale,
1095 2845 1164 2886 non

204 2943 335 2993 tantum
360 2945 439 3012 post
463 2944 586 3000 actum,
612 2932 673 2992 sed
697 2935 799 2992 etiam
816 2931 995 2992 actualiter
1010 2933 1167 2993 commis·

204 3059 290 3106 sum,
316 3050 354 3099 ut
376 3048 470 3118 patet
509 3040 695 3100 secundum
731 3057 870 3108 omnes;
905 3057 990 3119 ergo
1024 3048 1165 3118 peccato

203 3147 329 3207 veniali
355 3165 422 3206 non
446 3146 588 3205 debetur
612 3165 674 3224 per
698 3165 733 3206 se
758 3164 861 3226 poena
885 3155 1022 3206 aeterna.
1041 3143 1167 3205 Proba·

203 3255 252 3313 tio
276 3255 415 3330 versaris,
444 3254 525 3331 quia
548 3272 609 3332 per
636 3253 836 3314 charitatem
871 3263 924 3312 est
958 3251 1083 3330 aliquis
1117 3250 1166 3310 di·

203 3379 295 3440 gnus
319 3361 391 3420 vita
414 3371 562 3429 aetorna;
588 3360 616 3419 si
643 3360 750 3438 igitur
773 3377 849 3419 cum
873 3359 940 3419 hoc
973 3367 1041 3418 stat
1074 3357 1166 3418 debi-

203 3477 276 3526 tum
300 3466 342 3525 ad
367 3485 504 3546 poenam
528 3476 703 3535 aeternam,
728 3467 835 3546 igitur
847 3466 949 3526 simul
961 3465 1088 3545 dignus
1111 3473 1165 3524 est

203 3572 328 3651 aliquis
352 3573 424 3632 vita
450 3582 581 3632 aeterna
614 3583 648 3632 et
683 3591 787 3652 poena
821 3581 959 3640 aeterna‚
985 3569 1076 3650 quod
1111 3579 1165 3630 est
