2600 4200
181 507 337 571 Petunt
352 505 569 572 Umwltmfo
581 508 746 588 probatur
761 508 832 568 sic:
857 505 1058 588 Congruum

87 625 142 676 est
167 613 283 695 legem
308 611 590 694 perfectissimam
622 611 855 675 Sacramentis
885 611 1059 694 perfectis·

88 723 190 784 simis
214 719 393 792 adornari;
419 720 479 781 sed
503 719 561 782 lex
585 719 789 801 evangelica
810 729 864 781 est
887 717 1060 800 perfectis·

90 829 199 898 sima;
225 845 321 908 ergo
346 827 515 888 Probatur
538 827 667 887 minor:
691 845 769 888 cum
793 827 884 888 enim
913 828 958 888 sit
984 845 1060 908 pro·

89 953 211 996 cessus
234 933 277 994 de
294 930 493 1013 imperfecto
509 932 553 994 ad
568 930 767 1014 perfectum,
784 942 914 1013 quanto
930 934 988 994 lex
1005 943 1058 995 est

89 1042 272 1121 posterior,
296 1048 393 1101 tanto
405 1049 458 1101 est
473 1036 657 1120 perfectior
670 1061 677 1110 ;
702 1040 764 1101 sed
780 1039 840 1101 lex
855 1040 1059 1120 evangelica

87 1158 143 1210 est
167 1149 348 1228 posterior.
373 1147 482 1228 igitur
504 1157 557 1208 est
580 1144 772 1227 perfectior.

186 1254 410 1334 Confirmatur,
439 1256 520 1334 quia
544 1253 602 1316 lex
625 1255 817 1334 proximior
848 1256 953 1315 statui
985 1273 1066 1342 per-p

89 1360 281 1422 lectissimo
305 1369 357 1422 est
381 1359 649 1441 perfectissima;
690 1361 752 1422 sed
775 1361 833 1421 lex
856 1360 1060 1442 evangelica

87 1477 143 1529 est
167 1467 360 1548 proximior
383 1468 487 1528 statui
511 1464 772 1546 perfectissimo,
797 1466 928 1528 scilicet
955 1467 1059 1529 beati-

88 1575 244 1644 tudinis;
270 1575 377 1655 igitur
400 1581 453 1634 est
476 1572 734 1653 perfectissima.

191 1681 294 1740 Tertio
317 1683 386 1742 sic:
411 1699 603 1762 congruum
627 1690 679 1742 est
703 1680 817 1762 legem
841 1682 997 1742 veritatis
1023 1691 1059 1742 et

88 1789 216 1869 gratiae
241 1785 501 1868 perfectissimis
525 1785 757 1850 Sacramentis
784 1787 953 1848 adornari.
987 1786 1057 1849 Sed

89 1895 148 1956 lex
173 1894 378 1975 evangelica
401 1905 454 1954 est
478 1894 535 1955 lex
559 1895 715 1955 veritatis
738 1903 773 1955 et
801 1895 934 1975 gratiae,
955 1895 1058 1974 juxta

89 2000 176 2062 illud
194 2000 289 2077 Joan.
316 2020 342 2061 r.
359 2022 371 2059 .·
397 2001 510 2080 gratia
541 2009 574 2061 et
609 2002 737 2062 veritas
772 2019 833 2080 per
864 1999 981 2078 Jesum
1012 1998 1059 2062 fa-

88 2118 145 2170 cta
168 2118 232 2169 est.

183 2320 373 2383 Secunda
401 2318 618 2383 Ootwlttsfo
641 2320 833 2381 declaratur
854 2320 1057 2400 dupliciter:

91 2426 204 2486 Primo
228 2427 293 2487 sic:
319 2423 542 2488 Sacramenta
553 2436 675 2487 sanant
692 2423 924 2497 infirmitates;
950 2427 1059 2506 igitur
1152 2424 1161 2443 ‘

88 2534 280 2596 secundum
306 2550 485 2593 numerum
510 2530 745 2595 infirmitatum
762 2532 927 2612 accipitur
944 2552 1059 2594 nume-

88 2660 149 2703 rus
174 2638 485 2701 Sacramentorum.
512 2637 581 2701 Sed
615 2638 795 2701 infirmitas
829 2649 882 2701 est
916 2639 1057 2720 duplex,

88 2748 224 2809 scilicet
247 2748 345 2823 culpoe
371 2753 405 2807 et
424 2753 550 2823 prena:
583 2744 762 2807 infirmitas
778 2765 861 2807 vero
876 2746 988 2825 culpae
1005 2756 1059 2808 est

88 2854 231 2934 triplex,
256 2853 387 2914 scilicet
410 2854 578 2929 originalis
600 2862 720 2913 contra
735 2871 838 2932 quam
855 2862 908 2913 est
924 2852 1059 2933 Baptis-

87 2978 179 3028 mus,
204 2960 337 3019 actualis
360 2960 502 3018 mortalis
517 2966 636 3019 contra
652 2978 754 3039 quam
771 2967 824 3021 est
836 2959 1056 3029 Paenitentia,

85 3067 225 3127 actualis
248 3067 382 3125 venialis
405 3074 524 3125 contra
547 3084 649 3145 quarn
674 3074 726 3127 est
738 3064 905 3127 Extrema
917 3064 1056 3126 Unctio.

88 3170 279 3234 infirmitas
318 3190 400 3232 vero
432 3189 544 3253 poenae
578 3180 630 3233 est
665 3172 891 3253 quadruplex,
927 3172 1058 3233 scilicet

86 3280 284 3357 r'grwrmfziz,
308 3278 566 3355 pusillanimitas,
594 3280 717 3338 malitia
741 3289 776 3339 ct
802 3281 1055 3355 concupiscentia.

86 3384 221 3449 Contra
246 3385 475 3467 ignorantiam
499 3393 551 3445 est
575 3382 680 3453 Ordo,
699 3395 818 3446 contra
833 3385 1058 3465 pusillanimi-

86 3502 198 3553 tatem
223 3499 276 3551 est
299 3489 530 3559 Confirmatio,
544 3500 663 3553 contra
674 3491 839 3552 malitiam
857 3500 909 3552 cst
926 3491 1059 3552 Eucha-

86 3600 199 3667 ristia,
225 3606 344 3658 contra
366 3599 677 3678 concupiscentiam
701 3608 754 3658 est
770 3596 1039 3659 Matrimonium.
