<?xml version="1.0" encoding="UTF-8"?>
<!DOCTYPE html PUBLIC "-//W3C//DTD XHTML 1.0 Transitional//EN"
    "http://www.w3.org/TR/xhtml1/DTD/xhtml1-transitional.dtd">
<html xmlns="http://www.w3.org/1999/xhtml" xml:lang="en" lang="en">
 <head>
  <title>
</title>
<meta http-equiv="Content-Type" content="text/html;charset=utf-8" />
  <meta name='ocr-system' content='tesseract 3.04.00' />
  <meta name='ocr-capabilities' content='ocr_page ocr_carea ocr_par ocr_line ocrx_word'/>
</head>
<body>
  <div class='ocr_page' id='page_1' title='image "./commentariainli02scotgoog_0681.png"; bbox 0 0 2600 4200; ppageno 0'>
   <div class='ocr_carea' id='block_1_1' title="bbox 267 305 1119 400">
    <p class='ocr_par' dir='ltr' id='par_1_1' title="bbox 267 305 1119 400">
     <span class='ocr_line' id='line_1_1' title="bbox 267 305 1119 400; baseline 0.005 -21"><span class='ocrx_word' id='word_1_1' title='bbox 267 305 270 310; x_wconf 79' lang='grc'><strong>’</strong></span> <span class='ocrx_word' id='word_1_2' title='bbox 414 319 604 382; x_wconf 77' lang='lat' dir='ltr'>D1sr1ucr.</span> <span class='ocrx_word' id='word_1_3' title='bbox 630 319 659 381; x_wconf 92' lang='lat' dir='ltr'>L</span> <span class='ocrx_word' id='word_1_4' title='bbox 684 318 835 400; x_wconf 80' lang='lat' dir='ltr'><strong>QUAEST.</strong></span> <span class='ocrx_word' id='word_1_5' title='bbox 860 319 894 382; x_wconf 96' lang='grc' dir='ltr'>ΙΙ</span> <span class='ocrx_word' id='word_1_6' title='bbox 1056 341 1119 400; x_wconf 87' lang='lat'>403</span> 
     </span>
    </p>
   </div>
   <div class='ocr_carea' id='block_1_2' title="bbox 179 495 1144 792">
    <p class='ocr_par' dir='ltr' id='par_1_2' title="bbox 179 495 1144 792">
     <span class='ocr_line' id='line_1_2' title="bbox 268 495 1144 577; baseline 0 -19"><span class='ocrx_word' id='word_1_7' title='bbox 268 497 314 558; x_wconf 79' lang='lat' dir='ltr'>In</span> <span class='ocrx_word' id='word_1_8' title='bbox 337 511 423 560; x_wconf 69' lang='lat' dir='ltr'>isin</span> <span class='ocrx_word' id='word_1_9' title='bbox 448 495 683 577; x_wconf 70' lang='lat' dir='ltr'>Quffisnonn</span> <span class='ocrx_word' id='word_1_10' title='bbox 707 508 788 561; x_wconf 89' lang='lat' dir='ltr'>sunt</span> <span class='ocrx_word' id='word_1_11' title='bbox 811 499 879 560; x_wconf 91' lang='lat' dir='ltr'>duo</span> <span class='ocrx_word' id='word_1_12' title='bbox 895 498 1053 560; x_wconf 87' lang='lat' dir='ltr'>videnda.</span> <span class='ocrx_word' id='word_1_13' title='bbox 1072 498 1144 560; x_wconf 83' lang='lat' dir='ltr'>Pri-</span> 
     </span>
     <span class='ocr_line' id='line_1_3' title="bbox 179 604 1141 684; baseline 0.002 -20"><span class='ocrx_word' id='word_1_14' title='bbox 179 625 238 673; x_wconf 83' lang='lat' dir='ltr'>mo,</span> <span class='ocrx_word' id='word_1_15' title='bbox 268 606 297 666; x_wconf 94' lang='lat' dir='ltr'>si</span> <span class='ocrx_word' id='word_1_16' title='bbox 321 614 374 666; x_wconf 87' lang='lat' dir='ltr'>est</span> <span class='ocrx_word' id='word_1_17' title='bbox 397 604 542 684; x_wconf 89' lang='lat' dir='ltr'>aequalis</span> <span class='ocrx_word' id='word_1_18' title='bbox 569 623 674 684; x_wconf 87' lang='lat' dir='ltr'>poena</span> <span class='ocrx_word' id='word_1_19' title='bbox 707 606 858 666; x_wconf 90' lang='lat' dir='ltr'>omnium</span> <span class='ocrx_word' id='word_1_20' title='bbox 894 605 1141 667; x_wconf 90' lang='lat' dir='ltr'>damnatorum.</span> 
     </span>
     <span class='ocr_line' id='line_1_4' title="bbox 180 710 1141 792; baseline 0.001 -21"><span class='ocrx_word' id='word_1_21' title='bbox 180 710 332 777; x_wconf 83' lang='lat' dir='ltr'>Secundo,</span> <span class='ocrx_word' id='word_1_22' title='bbox 360 711 389 771; x_wconf 91' lang='lat' dir='ltr'>si</span> <span class='ocrx_word' id='word_1_23' title='bbox 414 711 459 771; x_wconf 92' lang='lat' dir='ltr'>sit</span> <span class='ocrx_word' id='word_1_24' title='bbox 482 711 628 790; x_wconf 85' lang='lat' dir='ltr'>aequalis</span> <span class='ocrx_word' id='word_1_25' title='bbox 652 710 765 792; x_wconf 86' lang='lat' dir='ltr'>gloria</span> <span class='ocrx_word' id='word_1_26' title='bbox 784 712 936 772; x_wconf 86' lang='lat' dir='ltr'>omniurn</span> <span class='ocrx_word' id='word_1_27' title='bbox 954 711 1141 772; x_wconf 84' lang='lat' dir='ltr'>beatorum.</span> 
     </span>
    </p>
   </div>
   <div class='ocr_carea' id='block_1_3' title="bbox 100 922 1159 3774">
    <p class='ocr_par' dir='ltr' id='par_1_3' title="bbox 179 922 1154 1324">
     <span class='ocr_line' id='line_1_5' title="bbox 270 922 1154 1010; baseline -0.002 -24"><span class='ocrx_word' id='word_1_28' title='bbox 270 923 335 986; x_wconf 79' lang='lat' dir='ltr'>De</span> <span class='ocrx_word' id='word_1_29' title='bbox 351 923 497 1002; x_wconf 73' lang='lat' dir='ltr'>primo</span> <span class='ocrx_word' id='word_1_30' title='bbox 519 922 597 984; x_wconf 90' lang='lat' dir='ltr'>dico</span> <span class='ocrx_word' id='word_1_31' title='bbox 620 933 690 985; x_wconf 91' lang='lat' dir='ltr'>tres</span> <span class='ocrx_word' id='word_1_32' title='bbox 721 922 977 994; x_wconf 77' lang='lat' dir='ltr'>ConclusioneS,</span> <span class='ocrx_word' id='word_1_33' title='bbox 1002 943 1066 1004; x_wconf 91' lang='lat' dir='ltr'>pro</span> <span class='ocrx_word' id='word_1_34' title='bbox 1101 943 1154 1010; x_wconf 57' lang='lat' dir='ltr'>eo⁸</span> 
     </span>
     <span class='ocr_line' id='line_1_6' title="bbox 179 1029 1146 1110; baseline 0.002 -22"><span class='ocrx_word' id='word_1_35' title='bbox 179 1029 274 1108; x_wconf 88' lang='lat' dir='ltr'>quod</span> <span class='ocrx_word' id='word_1_36' title='bbox 285 1029 435 1090; x_wconf 86' lang='lat' dir='ltr'>damnati</span> <span class='ocrx_word' id='word_1_37' title='bbox 453 1029 687 1109; x_wconf 84' lang='lat' dir='ltr'>principaliter</span> <span class='ocrx_word' id='word_1_38' title='bbox 702 1030 829 1091; x_wconf 85' lang='lat' dir='ltr'>habent</span> <span class='ocrx_word' id='word_1_39' title='bbox 845 1040 915 1092; x_wconf 89' lang='lat' dir='ltr'>tres</span> <span class='ocrx_word' id='word_1_40' title='bbox 930 1049 1063 1110; x_wconf 72' lang='lat' dir='ltr'>poenas,</span> <span class='ocrx_word' id='word_1_41' title='bbox 1083 1031 1146 1091; x_wconf 87' lang='lat' dir='ltr'>sci·</span> 
     </span>
     <span class='ocr_line' id='line_1_7' title="bbox 179 1135 1143 1218; baseline 0.002 -22"><span class='ocrx_word' id='word_1_42' title='bbox 179 1135 261 1196; x_wconf 87' lang='lat' dir='ltr'>licet</span> <span class='ocrx_word' id='word_1_43' title='bbox 284 1155 422 1215; x_wconf 88' lang='lat' dir='ltr'>poenam</span> <span class='ocrx_word' id='word_1_44' title='bbox 450 1136 568 1204; x_wconf 80' lang='lat' dir='ltr'>damni,</span> <span class='ocrx_word' id='word_1_45' title='bbox 607 1155 746 1218; x_wconf 85' lang='lat' dir='ltr'>poenam</span> <span class='ocrx_word' id='word_1_46' title='bbox 789 1139 906 1197; x_wconf 82' lang='lat' dir='ltr'>vermis</span> <span class='ocrx_word' id='word_1_47' title='bbox 939 1146 973 1198; x_wconf 91' lang='lat' dir='ltr'>et</span> <span class='ocrx_word' id='word_1_48' title='bbox 1005 1155 1143 1216; x_wconf 89' lang='lat' dir='ltr'>poenam</span> 
     </span>
     <span class='ocr_line' id='line_1_8' title="bbox 181 1240 474 1324; baseline 0.01 -24"><span class='ocrx_word' id='word_1_49' title='bbox 181 1245 277 1318; x_wconf 52' lang='lat' dir='ltr'>tgulis.</span> <span class='ocrx_word' id='word_1_50' title='bbox 303 1240 357 1303; x_wconf 88' lang='lat' dir='ltr'>Sit</span> <span class='ocrx_word' id='word_1_51' title='bbox 379 1261 474 1324; x_wconf 75' lang='lat' dir='ltr'>ergo,</span> 
     </span>
    </p>

    <p class='ocr_par' dir='ltr' id='par_1_4' title="bbox 100 1347 1159 3774">
     <span class='ocr_line' id='line_1_9' title="bbox 272 1347 1144 1429; baseline 0.001 -20"><span class='ocrx_word' id='word_1_52' title='bbox 272 1347 386 1409; x_wconf 86' lang='lat' dir='ltr'>Prima</span> <span class='ocrx_word' id='word_1_53' title='bbox 414 1349 574 1409; x_wconf 84' lang='lat' dir='ltr'><em>Conclusio</em></span> <span class='ocrx_word' id='word_1_54' title='bbox 598 1350 674 1419; x_wconf 87' lang='lat' dir='ltr'>ista,</span> <span class='ocrx_word' id='word_1_55' title='bbox 700 1350 792 1429; x_wconf 89' lang='lat' dir='ltr'>quod</span> <span class='ocrx_word' id='word_1_56' title='bbox 815 1351 965 1409; x_wconf 74' lang='lat' dir='ltr'>damnum</span> <span class='ocrx_word' id='word_1_57' title='bbox 990 1369 1058 1411; x_wconf 93' lang='lat' dir='ltr'>non</span> <span class='ocrx_word' id='word_1_58' title='bbox 1094 1369 1144 1410; x_wconf 93' lang='lat' dir='ltr'>so-</span> 
     </span>
     <span class='ocr_line' id='line_1_10' title="bbox 180 1455 1143 1526; baseline 0.002 -10"><span class='ocrx_word' id='word_1_59' title='bbox 180 1455 252 1516; x_wconf 90' lang='lat' dir='ltr'>lum</span> <span class='ocrx_word' id='word_1_60' title='bbox 276 1466 329 1517; x_wconf 90' lang='lat' dir='ltr'>est</span> <span class='ocrx_word' id='word_1_61' title='bbox 352 1457 503 1517; x_wconf 87' lang='lat' dir='ltr'>carentia</span> <span class='ocrx_word' id='word_1_62' title='bbox 525 1457 655 1518; x_wconf 84' lang='lat' dir='ltr'>divinae</span> <span class='ocrx_word' id='word_1_63' title='bbox 687 1457 843 1526; x_wconf 87' lang='lat' dir='ltr'>visionis,</span> <span class='ocrx_word' id='word_1_64' title='bbox 868 1457 929 1518; x_wconf 91' lang='lat' dir='ltr'>sed</span> <span class='ocrx_word' id='word_1_65' title='bbox 963 1457 1066 1517; x_wconf 83' lang='lat' dir='ltr'>etiam</span> <span class='ocrx_word' id='word_1_66' title='bbox 1090 1465 1143 1518; x_wconf 91' lang='lat' dir='ltr'>est</span> 
     </span>
     <span class='ocr_line' id='line_1_11' title="bbox 180 1561 1144 1642; baseline 0 -20"><span class='ocrx_word' id='word_1_67' title='bbox 180 1563 332 1622; x_wconf 84' lang='lat' dir='ltr'>carentia</span> <span class='ocrx_word' id='word_1_68' title='bbox 353 1562 434 1622; x_wconf 80' lang='lat' dir='ltr'>boni</span> <span class='ocrx_word' id='word_1_69' title='bbox 459 1564 529 1642; x_wconf 87' lang='lat' dir='ltr'>apti</span> <span class='ocrx_word' id='word_1_70' title='bbox 554 1563 624 1623; x_wconf 87' lang='lat' dir='ltr'>nati</span> <span class='ocrx_word' id='word_1_71' title='bbox 649 1563 773 1632; x_wconf 88' lang='lat' dir='ltr'>inesse,</span> <span class='ocrx_word' id='word_1_72' title='bbox 798 1572 832 1623; x_wconf 92' lang='lat' dir='ltr'>et</span> <span class='ocrx_word' id='word_1_73' title='bbox 859 1574 927 1623; x_wconf 85' lang='lat' dir='ltr'>non</span> <span class='ocrx_word' id='word_1_74' title='bbox 962 1561 1144 1642; x_wconf 86' lang='lat' dir='ltr'>cujuslibet</span> 
     </span>
     <span class='ocr_line' id='line_1_12' title="bbox 179 1654 1142 1749; baseline 0 -21"><span class='ocrx_word' id='word_1_75' title='bbox 179 1668 272 1738; x_wconf 89' lang='lat' dir='ltr'>boni,</span> <span class='ocrx_word' id='word_1_76' title='bbox 297 1668 358 1730; x_wconf 90' lang='lat' dir='ltr'>sed</span> <span class='ocrx_word' id='word_1_77' title='bbox 380 1669 460 1729; x_wconf 93' lang='lat' dir='ltr'>boni</span> <span class='ocrx_word' id='word_1_78' title='bbox 474 1654 733 1739; x_wconf 76' lang='lat' dir='ltr'>⁰convenientis,</span> <span class='ocrx_word' id='word_1_79' title='bbox 751 1669 844 1749; x_wconf 92' lang='lat' dir='ltr'>quod</span> <span class='ocrx_word' id='word_1_80' title='bbox 865 1669 1004 1731; x_wconf 83' lang='lat' dir='ltr'><strong>deberet</strong></span> <span class='ocrx_word' id='word_1_81' title='bbox 1020 1671 1142 1738; x_wconf 88' lang='lat' dir='ltr'>inesse,</span> 
     </span>
     <span class='ocr_line' id='line_1_13' title="bbox 182 1775 1145 1859; baseline 0 -24"><span class='ocrx_word' id='word_1_82' title='bbox 182 1775 230 1836; x_wconf 86' lang='lat' dir='ltr'>ita</span> <span class='ocrx_word' id='word_1_83' title='bbox 252 1775 344 1855; x_wconf 87' lang='lat' dir='ltr'>quod</span> <span class='ocrx_word' id='word_1_84' title='bbox 367 1794 472 1855; x_wconf 86' lang='lat' dir='ltr'>poena</span> <span class='ocrx_word' id='word_1_85' title='bbox 495 1776 529 1836; x_wconf 94' lang='lat' dir='ltr'>in</span> <span class='ocrx_word' id='word_1_86' title='bbox 553 1794 695 1855; x_wconf 85' lang='lat' dir='ltr'>corpore</span> <span class='ocrx_word' id='word_1_87' title='bbox 722 1775 873 1837; x_wconf 83' lang='lat' dir='ltr'>damnati</span> <span class='ocrx_word' id='word_1_88' title='bbox 908 1775 1076 1859; x_wconf 83' lang='lat' dir='ltr'>redundat</span> <span class='ocrx_word' id='word_1_89' title='bbox 1099 1793 1145 1836; x_wconf 86' lang='lat' dir='ltr'>ex</span> 
     </span>
     <span class='ocr_line' id='line_1_14' title="bbox 180 1881 1144 1963; baseline 0 -21"><span class='ocrx_word' id='word_1_90' title='bbox 180 1883 320 1943; x_wconf 89' lang='lat' dir='ltr'>miseria</span> <span class='ocrx_word' id='word_1_91' title='bbox 334 1883 470 1953; x_wconf 68' lang='lat' dir='ltr'>animae,</span> <span class='ocrx_word' id='word_1_92' title='bbox 488 1884 576 1944; x_wconf 90' lang='lat' dir='ltr'>sicut</span> <span class='ocrx_word' id='word_1_93' title='bbox 587 1883 784 1963; x_wconf 88' lang='lat' dir='ltr'>oppositum</span> <span class='ocrx_word' id='word_1_94' title='bbox 808 1891 860 1943; x_wconf 90' lang='lat' dir='ltr'>est</span> <span class='ocrx_word' id='word_1_95' title='bbox 879 1883 922 1944; x_wconf 90' lang='lat' dir='ltr'>de</span> <span class='ocrx_word' id='word_1_96' title='bbox 934 1881 1144 1944; x_wconf 84' lang='lat' dir='ltr'>beatitudine</span> 
     </span>
     <span class='ocr_line' id='line_1_15' title="bbox 180 1987 1145 2071; baseline -0.002 -21"><span class='ocrx_word' id='word_1_97' title='bbox 180 1990 334 2069; x_wconf 87' lang='lat' dir='ltr'>corporis</span> <span class='ocrx_word' id='word_1_98' title='bbox 353 1999 388 2050; x_wconf 86' lang='lat' dir='ltr'>et</span> <span class='ocrx_word' id='word_1_99' title='bbox 411 1990 545 2050; x_wconf 86' lang='lat' dir='ltr'>animae.</span> <span class='ocrx_word' id='word_1_100' title='bbox 571 1987 629 2051; x_wconf 89' lang='lat' dir='ltr'>Sic</span> <span class='ocrx_word' id='word_1_101' title='bbox 654 2008 737 2071; x_wconf 87' lang='lat' dir='ltr'>ergo</span> <span class='ocrx_word' id='word_1_102' title='bbox 761 2008 866 2069; x_wconf 89' lang='lat' dir='ltr'>poena</span> <span class='ocrx_word' id='word_1_103' title='bbox 889 1989 1004 2050; x_wconf 86' lang='lat' dir='ltr'>damni</span> <span class='ocrx_word' id='word_1_104' title='bbox 1029 1989 1145 2069; x_wconf 88' lang='lat' dir='ltr'>privat</span> 
     </span>
     <span class='ocr_line' id='line_1_16' title="bbox 179 2093 1146 2179; baseline -0.002 -21"><span class='ocrx_word' id='word_1_105' title='bbox 179 2097 309 2158; x_wconf 89' lang='lat' dir='ltr'>bonum</span> <span class='ocrx_word' id='word_1_106' title='bbox 333 2098 457 2179; x_wconf 85' lang='lat' dir='ltr'>gratiae</span> <span class='ocrx_word' id='word_1_107' title='bbox 480 2096 524 2158; x_wconf 91' lang='lat' dir='ltr'>ad</span> <span class='ocrx_word' id='word_1_108' title='bbox 547 2096 640 2178; x_wconf 91' lang='lat' dir='ltr'>quod</span> <span class='ocrx_word' id='word_1_109' title='bbox 663 2093 729 2158; x_wconf 85' lang='lat' dir='ltr'>fuit</span> <span class='ocrx_word' id='word_1_110' title='bbox 752 2096 808 2157; x_wconf 92' lang='lat' dir='ltr'>hic</span> <span class='ocrx_word' id='word_1_111' title='bbox 842 2095 1024 2157; x_wconf 88' lang='lat' dir='ltr'>damnatus</span> <span class='ocrx_word' id='word_1_112' title='bbox 1059 2095 1146 2156; x_wconf 89' lang='lat' dir='ltr'>ordi-</span> 
     </span>
     <span class='ocr_line' id='line_1_17' title="bbox 180 2202 1145 2284; baseline 0 -21"><span class='ocrx_word' id='word_1_113' title='bbox 180 2213 283 2265; x_wconf 91' lang='lat' dir='ltr'>natus</span> <span class='ocrx_word' id='word_1_114' title='bbox 306 2202 490 2284; x_wconf 86' lang='lat' dir='ltr'>aliquando</span> <span class='ocrx_word' id='word_1_115' title='bbox 513 2205 605 2284; x_wconf 87' lang='lat' dir='ltr'>quod</span> <span class='ocrx_word' id='word_1_116' title='bbox 629 2205 759 2265; x_wconf 88' lang='lat' dir='ltr'>inesset</span> <span class='ocrx_word' id='word_1_117' title='bbox 782 2203 898 2284; x_wconf 87' lang='lat' dir='ltr'>aliquo</span> <span class='ocrx_word' id='word_1_118' title='bbox 922 2213 1085 2283; x_wconf 86' lang='lat' dir='ltr'>tempore,</span> <span class='ocrx_word' id='word_1_119' title='bbox 1110 2212 1145 2263; x_wconf 87' lang='lat' dir='ltr'>et</span> 
     </span>
     <span class='ocr_line' id='line_1_18' title="bbox 180 2308 1144 2389; baseline 0 -20"><span class='ocrx_word' id='word_1_120' title='bbox 180 2309 257 2370; x_wconf 86' lang='lat' dir='ltr'>haec</span> <span class='ocrx_word' id='word_1_121' title='bbox 280 2329 385 2389; x_wconf 90' lang='lat' dir='ltr'>poena</span> <span class='ocrx_word' id='word_1_122' title='bbox 418 2321 471 2371; x_wconf 84' lang='lat' dir='ltr'>est</span> <span class='ocrx_word' id='word_1_123' title='bbox 505 2310 738 2389; x_wconf 83' lang='lat' dir='ltr'>involuntaria</span> <span class='ocrx_word' id='word_1_124' title='bbox 770 2310 851 2370; x_wconf 92' lang='lat' dir='ltr'>boni</span> <span class='ocrx_word' id='word_1_125' title='bbox 886 2310 1057 2380; x_wconf 81' lang='lat' dir='ltr'>carentia3</span> <span class='ocrx_word' id='word_1_126' title='bbox 1083 2308 1144 2369; x_wconf 87' lang='lat' dir='ltr'>sed</span> 
     </span>
     <span class='ocr_line' id='line_1_19' title="bbox 182 2415 1144 2495; baseline 0 -20"><span class='ocrx_word' id='word_1_127' title='bbox 182 2416 333 2477; x_wconf 87' lang='lat' dir='ltr'>damnati</span> <span class='ocrx_word' id='word_1_128' title='bbox 360 2417 389 2477; x_wconf 89' lang='lat' dir='ltr'>si</span> <span class='ocrx_word' id='word_1_129' title='bbox 426 2436 493 2478; x_wconf 92' lang='lat' dir='ltr'>non</span> <span class='ocrx_word' id='word_1_130' title='bbox 528 2419 719 2478; x_wconf 82' lang='lat' dir='ltr'>caruissent</span> <span class='ocrx_word' id='word_1_131' title='bbox 753 2416 818 2477; x_wconf 91' lang='lat' dir='ltr'>hoc</span> <span class='ocrx_word' id='word_1_132' title='bbox 852 2418 943 2477; x_wconf 88' lang='lat' dir='ltr'>bono</span> <span class='ocrx_word' id='word_1_133' title='bbox 974 2416 1017 2477; x_wconf 87' lang='lat' dir='ltr'>ad</span> <span class='ocrx_word' id='word_1_134' title='bbox 1051 2415 1144 2495; x_wconf 87' lang='lat' dir='ltr'>quod</span> 
     </span>
     <span class='ocr_line' id='line_1_20' title="bbox 180 2520 1142 2604; baseline -0.002 -21"><span class='ocrx_word' id='word_1_135' title='bbox 180 2531 279 2583; x_wconf 85' lang='lat' dir='ltr'>erant</span> <span class='ocrx_word' id='word_1_136' title='bbox 302 2524 372 2602; x_wconf 89' lang='lat' dir='ltr'>apti</span> <span class='ocrx_word' id='word_1_137' title='bbox 398 2524 468 2583; x_wconf 87' lang='lat' dir='ltr'>nati</span> <span class='ocrx_word' id='word_1_138' title='bbox 491 2521 638 2584; x_wconf 87' lang='lat' dir='ltr'>fuissent</span> <span class='ocrx_word' id='word_1_139' title='bbox 655 2522 863 2603; x_wconf 89' lang='lat' dir='ltr'>inaequales;</span> <span class='ocrx_word' id='word_1_140' title='bbox 889 2542 974 2604; x_wconf 86' lang='lat' dir='ltr'>ergo</span> <span class='ocrx_word' id='word_1_141' title='bbox 997 2540 1060 2602; x_wconf 88' lang='lat' dir='ltr'>pro</span> <span class='ocrx_word' id='word_1_142' title='bbox 1083 2520 1142 2582; x_wconf 92' lang='lat' dir='ltr'>tali</span> 
     </span>
     <span class='ocr_line' id='line_1_21' title="bbox 100 2628 1145 2710; baseline -0.001 -20"><span class='ocrx_word' id='word_1_143' title='bbox 100 2646 104 2654; x_wconf 92' lang='lat'>·</span> <span class='ocrx_word' id='word_1_144' title='bbox 180 2631 332 2690; x_wconf 85' lang='lat' dir='ltr'>carentia</span> <span class='ocrx_word' id='word_1_145' title='bbox 354 2630 444 2690; x_wconf 63' lang='lat' dir='ltr'>boni</span> <span class='ocrx_word' id='word_1_146' title='bbox 460 2630 642 2709; x_wconf 87' lang='lat' dir='ltr'>inaequalis</span> <span class='ocrx_word' id='word_1_147' title='bbox 666 2631 758 2710; x_wconf 87' lang='lat' dir='ltr'>quod</span> <span class='ocrx_word' id='word_1_148' title='bbox 790 2629 908 2692; x_wconf 89' lang='lat' dir='ltr'>debuit</span> <span class='ocrx_word' id='word_1_149' title='bbox 943 2630 1056 2691; x_wconf 89' lang='lat' dir='ltr'>inesse</span> <span class='ocrx_word' id='word_1_150' title='bbox 1079 2628 1145 2689; x_wconf 91' lang='lat' dir='ltr'>erit</span> 
     </span>
     <span class='ocr_line' id='line_1_22' title="bbox 181 2734 1148 2816; baseline -0.001 -20"><span class='ocrx_word' id='word_1_151' title='bbox 181 2736 284 2796; x_wconf 92' lang='lat' dir='ltr'>modo</span> <span class='ocrx_word' id='word_1_152' title='bbox 318 2735 499 2816; x_wconf 89' lang='lat' dir='ltr'>inaequalis</span> <span class='ocrx_word' id='word_1_153' title='bbox 533 2755 637 2816; x_wconf 86' lang='lat' dir='ltr'>poena</span> <span class='ocrx_word' id='word_1_154' title='bbox 672 2738 805 2806; x_wconf 82' lang='lat' dir='ltr'>ineis,</span> <span class='ocrx_word' id='word_1_155' title='bbox 842 2738 923 2816; x_wconf 91' lang='lat' dir='ltr'>quia</span> <span class='ocrx_word' id='word_1_156' title='bbox 961 2734 1148 2814; x_wconf 83' lang='lat' dir='ltr'>inaequalia</span> 
     </span>
     <span class='ocr_line' id='line_1_23' title="bbox 180 2839 1146 2904; baseline -0.001 -2"><span class='ocrx_word' id='word_1_157' title='bbox 180 2839 328 2903; x_wconf 83' lang='lat' dir='ltr'>fuissent</span> <span class='ocrx_word' id='word_1_158' title='bbox 361 2843 461 2903; x_wconf 87' lang='lat' dir='ltr'>bona.</span> <span class='ocrx_word' id='word_1_159' title='bbox 486 2842 573 2904; x_wconf 88' lang='lat' dir='ltr'>Item</span> <span class='ocrx_word' id='word_1_160' title='bbox 608 2842 766 2904; x_wconf 88' lang='lat' dir='ltr'>similiter</span> <span class='ocrx_word' id='word_1_161' title='bbox 800 2844 866 2904; x_wconf 86' lang='lat' dir='ltr'>ista</span> <span class='ocrx_word' id='word_1_162' title='bbox 899 2843 1050 2903; x_wconf 86' lang='lat' dir='ltr'>carentia</span> <span class='ocrx_word' id='word_1_163' title='bbox 1080 2843 1146 2902; x_wconf 91' lang='lat' dir='ltr'>erit</span> 
     </span>
     <span class='ocr_line' id='line_1_24' title="bbox 181 2947 1159 3029; baseline 0.001 -22"><span class='ocrx_word' id='word_1_164' title='bbox 181 2948 423 3019; x_wconf 87' lang='lat' dir='ltr'>involuntaria,</span> <span class='ocrx_word' id='word_1_165' title='bbox 448 2950 529 3029; x_wconf 86' lang='lat' dir='ltr'>quia</span> <span class='ocrx_word' id='word_1_166' title='bbox 552 2950 641 3010; x_wconf 88' lang='lat' dir='ltr'>sicut</span> <span class='ocrx_word' id='word_1_167' title='bbox 669 2950 734 3011; x_wconf 91' lang='lat' dir='ltr'>iste</span> <span class='ocrx_word' id='word_1_168' title='bbox 769 2948 880 3009; x_wconf 92' lang='lat' dir='ltr'>voluit</span> <span class='ocrx_word' id='word_1_169' title='bbox 914 2949 1042 3009; x_wconf 90' lang='lat' dir='ltr'>bonum</span> <span class='ocrx_word' id='word_1_170' title='bbox 1079 2947 1159 3008; x_wconf 91' lang='lat' dir='ltr'>sibi.</span> 
     </span>
     <span class='ocr_line' id='line_1_25' title="bbox 179 3055 1144 3135; baseline -0.001 -20"><span class='ocrx_word' id='word_1_171' title='bbox 179 3056 408 3125; x_wconf 90' lang='lat' dir='ltr'>commodum,</span> <span class='ocrx_word' id='word_1_172' title='bbox 433 3057 482 3116; x_wconf 87' lang='lat' dir='ltr'>ita</span> <span class='ocrx_word' id='word_1_173' title='bbox 504 3055 700 3135; x_wconf 86' lang='lat' dir='ltr'>hujusmodi</span> <span class='ocrx_word' id='word_1_174' title='bbox 724 3055 805 3116; x_wconf 93' lang='lat' dir='ltr'>boni</span> <span class='ocrx_word' id='word_1_175' title='bbox 830 3056 981 3117; x_wconf 88' lang='lat' dir='ltr'>carentia</span> <span class='ocrx_word' id='word_1_176' title='bbox 1001 3063 1054 3115; x_wconf 89' lang='lat' dir='ltr'>est</span> <span class='ocrx_word' id='word_1_177' title='bbox 1078 3055 1144 3115; x_wconf 91' lang='lat' dir='ltr'>sibi</span> 
     </span>
     <span class='ocr_line' id='line_1_26' title="bbox 181 3161 1144 3243; baseline 0 -22"><span class='ocrx_word' id='word_1_178' title='bbox 181 3163 295 3243; x_wconf 87' lang='lat' dir='ltr'>magis</span> <span class='ocrx_word' id='word_1_179' title='bbox 319 3162 464 3223; x_wconf 86' lang='lat' dir='ltr'>involita</span> <span class='ocrx_word' id='word_1_180' title='bbox 487 3171 521 3223; x_wconf 89' lang='lat' dir='ltr'>et</span> <span class='ocrx_word' id='word_1_181' title='bbox 544 3162 790 3233; x_wconf 84' lang='lat' dir='ltr'>involuntaria;</span> <span class='ocrx_word' id='word_1_182' title='bbox 807 3181 892 3243; x_wconf 87' lang='lat' dir='ltr'>ergo</span> <span class='ocrx_word' id='word_1_183' title='bbox 908 3180 1013 3242; x_wconf 85' lang='lat' dir='ltr'>poena</span> <span class='ocrx_word' id='word_1_184' title='bbox 1028 3161 1144 3222; x_wconf 90' lang='lat' dir='ltr'>damni</span> 
     </span>
     <span class='ocr_line' id='line_1_27' title="bbox 180 3267 1145 3349; baseline 0 -22"><span class='ocrx_word' id='word_1_185' title='bbox 180 3268 247 3328; x_wconf 89' lang='lat' dir='ltr'>erit</span> <span class='ocrx_word' id='word_1_186' title='bbox 284 3267 466 3347; x_wconf 85' lang='lat' dir='ltr'>inaequalis</span> <span class='ocrx_word' id='word_1_187' title='bbox 500 3270 535 3329; x_wconf 93' lang='lat' dir='ltr'>in</span> <span class='ocrx_word' id='word_1_188' title='bbox 569 3269 630 3337; x_wconf 91' lang='lat' dir='ltr'>eis,</span> <span class='ocrx_word' id='word_1_189' title='bbox 656 3269 737 3349; x_wconf 77' lang='lat' dir='ltr'>quia</span> <span class='ocrx_word' id='word_1_190' title='bbox 771 3269 923 3329; x_wconf 87' lang='lat' dir='ltr'>carentia</span> <span class='ocrx_word' id='word_1_191' title='bbox 945 3268 1025 3328; x_wconf 92' lang='lat' dir='ltr'>boni</span> <span class='ocrx_word' id='word_1_192' title='bbox 1051 3268 1145 3328; x_wconf 89' lang='lat' dir='ltr'>invo-</span> 
     </span>
     <span class='ocr_line' id='line_1_28' title="bbox 179 3372 1144 3455; baseline 0.002 -21"><span class='ocrx_word' id='word_1_193' title='bbox 179 3373 330 3435; x_wconf 85' lang='lat' dir='ltr'>luntaria</span> <span class='ocrx_word' id='word_1_194' title='bbox 352 3376 418 3435; x_wconf 90' lang='lat' dir='ltr'>erit</span> <span class='ocrx_word' id='word_1_195' title='bbox 441 3373 631 3454; x_wconf 86' lang='lat' dir='ltr'>inaequalis.</span> <span class='ocrx_word' id='word_1_196' title='bbox 658 3410 699 3419; x_wconf 90' lang='lat'>—-</span> <span class='ocrx_word' id='word_1_197' title='bbox 725 3372 794 3435; x_wconf 86' lang='lat' dir='ltr'>Sed</span> <span class='ocrx_word' id='word_1_198' title='bbox 810 3383 951 3455; x_wconf 87' lang='lat' dir='ltr'>propter</span> <span class='ocrx_word' id='word_1_199' title='bbox 973 3374 1056 3455; x_wconf 90' lang='lat' dir='ltr'>quid</span> <span class='ocrx_word' id='word_1_200' title='bbox 1080 3376 1144 3437; x_wconf 85' lang='lat' dir='ltr'>erit</span> 
     </span>
     <span class='ocr_line' id='line_1_29' title="bbox 129 3479 1144 3561; baseline -0.001 -20"><span class='ocrx_word' id='word_1_201' title='bbox 129 3511 131 3514; x_wconf 94' lang='lat'>·</span> <span class='ocrx_word' id='word_1_202' title='bbox 180 3481 217 3541; x_wconf 92' lang='lat' dir='ltr'>in</span> <span class='ocrx_word' id='word_1_203' title='bbox 241 3481 412 3541; x_wconf 88' lang='lat' dir='ltr'>damnatis</span> <span class='ocrx_word' id='word_1_204' title='bbox 435 3479 654 3560; x_wconf 82' lang='lat' dir='ltr'>inaequalitas</span> <span class='ocrx_word' id='word_1_205' title='bbox 677 3483 818 3561; x_wconf 76' lang='lat' dir='ltr'>poenae?</span> <span class='ocrx_word' id='word_1_206' title='bbox 841 3480 930 3542; x_wconf 89' lang='lat' dir='ltr'>Dico</span> <span class='ocrx_word' id='word_1_207' title='bbox 954 3480 1046 3561; x_wconf 92' lang='lat' dir='ltr'>quod</span> <span class='ocrx_word' id='word_1_208' title='bbox 1068 3498 1144 3558; x_wconf 87' lang='lat' dir='ltr'>pro·</span> 
     </span>
     <span class='ocr_line' id='line_1_30' title="bbox 179 3586 1142 3668; baseline -0.001 -21"><span class='ocrx_word' id='word_1_209' title='bbox 179 3597 257 3666; x_wconf 86' lang='lat' dir='ltr'>pter</span> <span class='ocrx_word' id='word_1_210' title='bbox 280 3586 550 3666; x_wconf 86' lang='lat' dir='ltr'>inaequalitatem</span> <span class='ocrx_word' id='word_1_211' title='bbox 575 3588 708 3668; x_wconf 87' lang='lat' dir='ltr'>culpae;</span> <span class='ocrx_word' id='word_1_212' title='bbox 734 3589 799 3648; x_wconf 87' lang='lat' dir='ltr'>iste</span> <span class='ocrx_word' id='word_1_213' title='bbox 822 3588 913 3648; x_wconf 87' lang='lat' dir='ltr'>enim</span> <span class='ocrx_word' id='word_1_214' title='bbox 938 3587 997 3667; x_wconf 92' lang='lat' dir='ltr'>qui</span> <span class='ocrx_word' id='word_1_215' title='bbox 1014 3586 1091 3666; x_wconf 91' lang='lat' dir='ltr'>plus</span> <span class='ocrx_word' id='word_1_216' title='bbox 1108 3594 1142 3647; x_wconf 91' lang='lat' dir='ltr'>et</span> 
     </span>
     <span class='ocr_line' id='line_1_31' title="bbox 180 3694 937 3774; baseline 0.003 -22"><span class='ocrx_word' id='word_1_217' title='bbox 180 3694 325 3774; x_wconf 87' lang='lat' dir='ltr'>gravius</span> <span class='ocrx_word' id='word_1_218' title='bbox 349 3694 516 3773; x_wconf 88' lang='lat' dir='ltr'>peccavit,</span> <span class='ocrx_word' id='word_1_219' title='bbox 540 3694 671 3754; x_wconf 88' lang='lat' dir='ltr'>carebit</span> <span class='ocrx_word' id='word_1_220' title='bbox 694 3694 812 3774; x_wconf 87' lang='lat' dir='ltr'>majori</span> <span class='ocrx_word' id='word_1_221' title='bbox 837 3695 937 3755; x_wconf 92' lang='lat' dir='ltr'>bon0.</span> 
     </span>
    </p>
   </div>
   <div class='ocr_carea' id='block_1_4' title="bbox 0 0 1304 4200">
    <p class='ocr_par' dir='ltr' id='par_1_5' title="bbox 0 0 1304 4200">
     <span class='ocr_line' id='line_1_32' title="bbox 0 0 1304 4200; baseline 0 0"><span class='ocrx_word' id='word_1_222' title='bbox 0 0 1304 4200; x_wconf 95' lang='lat' dir='ltr'> </span> 
     </span>
    </p>
   </div>
  </div>
 </body>
</html>
