2600 4200
365 685 684 793 Distinetio
724 685 1010 792 XXXIX.

348 939 451 1016 Post
482 941 574 1016 haeo
605 941 657 1016 de
687 941 844 1038 dispari
878 941 1037 1016 cuitu...

304 1117 396 1178 Circa
419 1119 511 1176 istam
535 1117 619 1176 Dist.
641 1135 696 1194 39.
720 1122 750 1174 et
775 1135 880 1175 omnes
901 1117 983 1176 altas
1012 1123 1183 1195 sequsnter

210 1225 247 1282 de
270 1228 463 1282 sacramento
497 1225 695 1282 matrimonii
726 1241 833 1300 quaro
867 1229 930 1282 tres
967 1224 1176 1298 Qaoeslrones.

211 1329 347 1390 Primo:
379 1329 494 1388 Utrum
517 1329 628 1406 dispar
641 1328 743 1389 cultas
758 1329 909 1405 impediat
922 1331 1175 1390 matrimonium.

150 1485 154 1492 .
211 1434 391 1498 Secundo:
423 1435 539 1496 Utrum
562 1437 704 1513 cognatio
726 1437 866 1494 carnalis
892 1435 1043 1512 impediat
1065 1439 1179 1494 matri·

213 1545 362 1602 mom'am.
388 1541 525 1602 Tertio:
557 1541 673 1602 Utrum
707 1541 848 1619 affinitas
881 1541 1031 1618 impediat
1065 1545 1178 1602 matn'·

211 1669 360 1710 mamam.

571 1875 754 1957 QUAEstro
778 1875 804 1937 Ι.

322 2020 378 2078 Ad
391 2020 533 2096 primam
561 2018 771 2092 Qaoestioaem
793 2021 837 2079 sic
855 2020 1058 2096 proceditur:

300 2178 447 2240 Videtur
481 2179 572 2259 quod
608 2179 725 2259 dispar
757 2178 871 2240 cultus
906 2199 973 2240 non
1009 2181 1174 2260 impediat

210 2286 474 2352 matrimonium,
498 2286 580 2363 quia
609 2286 687 2345 Gen.
711 2303 760 2360 41.
776 2284 904 2365 Joseph
917 2286 1049 2365 accepit
1064 2284 1173 2347 filiam

210 2392 409 2472 Putipharis
432 2410 508 2452 cum
534 2399 646 2452 tamen
672 2392 746 2470 ipse
770 2400 863 2452 esset
884 2390 997 2453 fidelis
1029 2400 1063 2453 et
1097 2394 1176 2472 ipsa

210 2498 368 2567 infidelis,
393 2508 427 2558 et
450 2497 558 2559 multa
581 2496 709 2558 similia
735 2497 904 2559 habentur
926 2500 961 2560 in
994 2496 1176 2579 Scriptura

211 2607 300 2667 sicut
324 2605 365 2664 de
390 2602 513 2684 Moyse
537 2606 595 2683 qui
627 2605 801 2665 contraxit
834 2623 913 2665 cum
948 2602 1172 2685 Ethiopissa;

210 2730 305 2793 erg0,
330 2721 392 2771 ete.

298 2818 339 2878 Ia
362 2819 533 2893 oppositum
557 2825 609 2876 est
645 2815 730 2876 illud
752 2834 781 2876 2.
805 2817 851 2875 ad
875 2816 944 2877 Cor.
958 2839 971 2875 .·
996 2816 1102 2878 nolite
1121 2816 1175 2897 ju·

211 2944 294 3007 gum
319 2925 441 2984 ducere
465 2942 541 2983 eum
566 2922 781 2993 infidelibus;
806 2941 885 3002 quae
917 2924 1007 2985 enim
1039 2924 1175 3003 partici-

210 3033 304 3111 patio
327 3029 414 3090 lucis
437 3030 480 3090 ad
507 3030 675 3099 tenebras,
701 3039 760 3091 aut
775 3048 854 3109 quae
870 3048 951 3109 pars
965 3027 1077 3091 fidelis
1093 3049 1172 3091 cum

210 3136 360 3208 infideli;
385 3155 480 3217 ergo
505 3144 568 3197 ete.

300 3244 344 3305 ln
361 3256 445 3304 isra
458 3239 694 3323 QUAEsrrone
717 3251 798 3303 sunt
821 3243 889 3304 duo
917 3242 1074 3303 videnda.
1099 3242 1175 3302 'Pu'-

209 3372 269 3419 mo,
299 3353 326 3411 si
352 3348 506 3411 infideles
529 3358 675 3429 possunt
690 3348 890 3411 contrahere
906 3350 1171 3411 matrimonium.

210 3458 359 3525 &canda
387 3456 559 3537 quomodo
582 3454 693 3517 fidelis
716 3464 831 3535 potest
857 3455 1057 3517 contrahere
1090 3474 1171 3517 cum

211 3563 349 3625 infideli.
