2600 4200
215 193 276 251 226
444 190 518 251 Lm.
544 188 595 250 IV
621 188 926 251 Sauranrmnunr

188 351 360 429 passionis
383 349 520 412 Christi.
547 348 684 429 Quanta
696 360 809 411 autem
827 351 871 410 sit
887 350 953 411 ista
968 368 1059 430 pars,
1078 370 1154 411 non

188 466 242 518 est
264 468 418 517 nostrum
443 457 678 526 determinare,
693 456 753 517 sed
778 457 885 518 solius
909 456 984 517 Dei.

278 562 348 625 Sed
371 566 517 625 occurrit
540 565 595 625 hic
618 584 725 625 unum
749 565 900 627 dubium.
919 563 956 625 Si
981 564 1072 625 enim
1091 562 1157 625 Sa-

188 670 308 731 cerdos
331 671 474 731 remittit
497 670 626 751 aliquid
649 670 692 731 de
727 688 840 749 poena,
866 680 904 731 ut
934 670 1029 739 dicis,
1062 688 1154 751 ergo

188 795 249 856 per
272 777 506 839 absolutiones
529 779 669 839 iteratas
692 786 809 856 posset
844 774 1012 838 Sacerdos
1035 776 1151 837 dimit-

188 893 260 945 tere
282 893 389 946 totam
413 902 561 963 poenam,
587 885 669 963 quia
703 883 874 945 absolutio
910 882 1060 945 secunda
1097 894 1153 944 est

188 991 339 1070 ejusdem
355 990 499 1052 rationis
514 1009 591 1051 cum
615 992 746 1071 prima;
773 1009 857 1071 ergo
874 1000 988 1070 potest
1004 990 1150 1050 eandem

189 1098 349 1159 virtutem
374 1097 499 1158 habere
523 1106 680 1175 respectu
713 1095 857 1177 alicujus
891 1098 998 1176 partis
1033 1114 1152 1175 poenae

188 1203 412 1264 remittendae.
439 1240 480 1246 —
506 1202 573 1263 Hic
597 1202 723 1263 dicitur
746 1222 808 1262 uno
838 1204 934 1270 modo,
963 1202 1055 1283 quod
1078 1222 1150 1263 non

189 1311 351 1389 sequitur,
376 1310 458 1388 quia
481 1328 549 1369 non
566 1327 701 1388 semper
718 1306 760 1380 ,fit
777 1309 943 1371 relaxatio
960 1308 1147 1371 secundum

187 1426 302 1495 partes
325 1416 477 1495 ejusdem
493 1417 739 1496 proportionis.
766 1414 912 1497 Quando
948 1424 1060 1477 autem
1097 1426 1150 1475 est

188 1540 369 1601 processus
392 1522 578 1583 secundum
603 1533 718 1601 partes
734 1520 885 1601 ejusdem
903 1522 1146 1601 proportionis.

188 1637 301 1706 potest
324 1646 400 1688 csse
423 1647 604 1709 processus
628 1630 663 1689 in
677 1626 856 1689 infinitum.
878 1628 954 1687 Alio
971 1628 1058 1686 modo
1070 1627 1149 1688 dici-

189 1743 244 1796 tur
256 1735 348 1815 quod
359 1736 509 1795 secunda
521 1734 691 1796 absolutio
709 1737 836 1795 virtute
852 1733 1001 1795 clavium
1019 1734 1146 1795 nullam

189 1853 319 1921 partem
343 1861 458 1921 poenae
482 1843 634 1910 remittit,
659 1842 741 1921 quia
771 1840 938 1920 judicium
974 1840 1079 1902 semel
1104 1840 1147 1899 la·

189 1957 261 2009 tum
285 1951 358 2010 sine
383 1968 496 2009 errore
519 1948 615 2009 Deus
639 1946 785 2009 ratificat
808 1948 843 2008 in
867 1947 965 2008 coelis
982 1948 1032 2007 sic
1055 1946 1148 2026 quod

189 2066 241 2117 est
265 2054 506 2127 irrevocabile;
534 2073 619 2136 ergo
655 2053 857 2117 rationabile
892 2063 945 2115 est
972 2053 1064 2135 quo'd
1099 2054 1148 2116 sic

189 2162 373 2224 ratificetur
397 2163 488 2243 quod
505 2163 550 2223 sit
584 2161 817 2230 irrevocabile,
843 2181 912 2223 non
947 2161 1024 2222 dico
1055 2159 1148 2242 quod

189 2269 346 2330 illicitum
371 2268 426 2329 vel
452 2269 663 2348 impossibile.
699 2269 743 2328 sit
775 2269 899 2337 iterari,
938 2269 998 2328 sed
1032 2277 1147 2328 tamen

189 2394 265 2435 cum
290 2373 401 2436 fructu
426 2377 492 2436 isto
515 2395 615 2454 quem
647 2394 737 2436 nunc
773 2375 877 2436 habet
911 2395 979 2436 non
1015 2385 1068 2436 est
1093 2377 1151 2436 itc-

188 2480 303 2543 rabile.

534 2727 716 2809 Qumsrro
742 2729 803 2790 ΙΙΙ.

305 2873 360 2931 Ad
380 2874 501 2931 tertiam
529 2873 739 2946 Quoestr'onem
762 2875 806 2932 sic
824 2873 1021 2949 proceditur:

279 3030 425 3092 Videtur
437 3031 528 3111 quod
546 3032 660 3092 nullus
677 3033 799 3092 debeat
816 3030 872 3093 vel
889 3032 999 3111 possit
1014 3050 1150 3092 excom-

190 3140 365 3207 municari,
390 3141 471 3217 quia
501 3140 811 3199 excommunicatio
846 3149 898 3199 est
934 3139 1103 3217 separatio
1132 3158 1153 3198 a

189 3247 427 3305 communione
444 3245 615 3315 fidelium;
641 3246 701 3306 scd
736 3246 906 3324 separatio
942 3253 995 3305 est
1028 3253 1148 3305 contra

190 3351 410 3423 clraritatcm;
436 3371 529 3432 crgo,

283 3459 407 3518 Contra.
433 3478 459 3517 1.
483 3460 528 3517 ad
552 3458 621 3520 Cor.
647 3461 727 3519 ult:
753 3457 820 3538 Qui
845 3479 912 3520 non
953 3469 1044 3519 amat
1084 3457 1153 3518 Do-

191 3565 319 3625 minum
334 3564 450 3642 Jesum
475 3563 647 3626 Christum
674 3541 854 3627 anathema
879 3567 932 3627 sit.
