2600 4200
218 280 280 326 110
455 265 529 328 Lm.
558 264 602 328 ΙΙΙ
627 264 921 329 Sauraurmnuu

192 468 341 548 finitam;
365 490 445 552 ergo
469 471 577 532 minus
603 471 754 534 distincte
788 471 876 532 videt
910 469 1029 544 omnia,
1054 491 1158 552 quarn

172 577 321 658 xaliqua;
346 577 403 639 sed
427 577 480 638 illa
502 587 551 640 est
574 578 719 660 cognitio
743 577 936 658 habitualis;
959 599 1047 660 ergo.

260 684 432 746 Proelerea.
458 683 606 747 Infinitas
636 685 803 748 extensiva
838 685 1062 768 praesupponit
1089 683 1161 746 infi-

193 791 329 853 nitatem
353 791 545 854 intensivam
563 813 619 875 per
636 792 938 855 Commentatorem
956 792 991 854 in
1015 800 1161 854 tractatu

191 899 233 960 de
254 897 437 960 substantia
461 898 546 960 orbis
557 923 574 972 ‚·
598 899 655 961 sed
683 900 792 960 anima
816 897 933 963 Christi
970 919 1035 960 non
1060 897 1162 960 habet

194 1003 386 1066 infinitatem
422 1003 613 1067 intensivam
628 1027 635 1082 ;
672 1026 751 1088 ergo
785 1025 845 1068 nec
878 1006 1080 1070 extensivam
1114 1005 1163 1067 ad

194 1111 436 1193 cognoscibilia,
460 1111 560 1174 etsie
584 1113 753 1194 cognoscit
776 1113 886 1175 omnia
910 1113 1123 1175 habitualiter.

265 1213 404 1284 Contra
428 1215 544 1285 estam
567 1217 785 1303 opinionem
810 1219 899 1301 quod
931 1219 1044 1301 aliquis
1070 1219 1165 1282 intel-

197 1325 299 1386 lectus
323 1325 491 1406 cognoscit
515 1326 626 1388 omnia
658 1347 715 1408 per
739 1326 887 1388 lrabitum
923 1347 1026 1390 unum
1061 1325 1165 1387 inhae-

196 1441 331 1503 rentem,
356 1440 404 1494 cst
427 1431 542 1494 diffuse
564 1433 690 1495 dictum
703 1434 735 1495 in
747 1451 778 1496 2.
795 1433 871 1496 dist.
881 1451 914 1514 β.
935 1456 964 1514 q.
978 1451 1013 1516 5.
1030 1442 1163 1494 tantum

196 1558 296 1599 unam
321 1537 480 1600 rationem
505 1548 625 1620 repeto
653 1538 718 1602 Ubi
740 1532 909 1621 'pluralitas
940 1540 1071 1622 requirit
1095 1561 1165 1602 ma-

193 1644 299 1723 jorem
324 1643 556 1726 perfectionem
577 1645 621 1708 ibi
638 1645 763 1708 infinita
788 1647 952 1728 pluralitas
969 1647 1098 1727 requirit
1115 1647 1164 1708 in·

196 1749 322 1812 finitam
350 1750 592 1831 perlectionem.
625 1753 825 1834 Exemplum
861 1754 974 1834 hujus:
1011 1754 1035 1814 si
1067 1773 1166 1834 posse

197 1868 327 1938 portare
350 1859 465 1919 decem
494 1861 638 1940 pondera
674 1861 805 1942 requirit
839 1869 964 1924 tantam
996 1861 1167 1940 virtutem,

197 1964 340 2044 sequitur
367 1966 456 2045 quod
478 1987 573 2046 posse
597 1976 727 2047 portare
750 1967 845 2028 simul
869 1965 993 2029 infinita
1017 1967 1167 2048 pondera

198 2070 331 2152 requirit
354 2069 514 2134 infinitam
538 2073 714 2151 virtutem;
739 2075 795 2137 sed
826 2073 946 2156 aliquid
978 2094 1047 2137 esse
1070 2074 1168 2137 ratio-

198 2198 273 2239 nem
298 2178 448 2241 distincte
464 2181 681 2260 cognoscendi
711 2181 818 2262 plures
854 2181 1050 2263 quidditates
1085 2202 1167 2243 con·
1228 2231 1231 2235 .

197 2284 299 2345 cludit
323 2286 483 2366 majorem
500 2284 746 2366 perfectionem;
763 2308 843 2369 ergo
858 2308 926 2351 esse
939 2288 1096 2349 rationem
1119 2289 1168 2349 di-

196 2392 314 2453 stincte
333 2394 551 2473 cognoscendi
568 2414 682 2456 omnes
698 2395 894 2475 quidditates
917 2394 1081 2456 concludit
1097 2394 1168 2456 infr·

200 2498 301 2559 uitam
320 2497 560 2578 perfectionem,
577 2510 610 2562 et
626 2510 705 2563 tunc
720 2501 792 2563 talis
808 2501 937 2563 habitus
953 2510 1001 2563 est
1020 2500 1168 2563 infinitus

200 2604 405 2684 perfectione,
423 2606 513 2688 quod
530 2626 596 2667 non
619 2616 756 2668 tenetur.
775 2608 891 2669 Minor
910 2608 1074 2689 probatur,
1091 2617 1166 2671 tum

198 2711 277 2791 quia
300 2710 332 2773 in
358 2713 430 2773 Deo
454 2713 585 2793 ponitur
610 2712 751 2776 infinitas
775 2734 817 2776 ex
838 2714 995 2777 infinitate
1019 2716 1167 2778 idearum

198 2838 277 2897 quae
316 2828 600 2900 repraesentantur,
642 2830 713 2881 tum
752 2822 828 2902 quia
864 2822 1168 2903 repraesentativum

201 2924 296 2985 unius
319 2934 367 2986 est
390 2925 519 2987 alterius
543 2927 675 2989 rationis
698 2949 717 2988 a
741 2930 1005 3009 repraesentativo
1024 2930 1167 3001 alterius

198 3039 234 3091 et
257 3031 425 3111 quodlibet
449 3032 526 3095 dicit
550 3032 791 3114 perfectionem,
813 3036 889 3116 quia
913 3056 978 3098 non
1002 3056 1098 3118 posse
1123 3057 1168 3098 re-

202 3146 398 3217 praesentare
414 3139 446 3200 in
463 3141 727 3221 repraesentativo
750 3142 880 3205 alterius
896 3142 973 3205 dicit
989 3144 1169 3206 carentiam

202 3242 417 3324 perfectionis.

272 3456 376 3523 Alta
399 3463 467 3523 eol
489 3460 642 3542 opinio
666 3464 854 3537 multorum,
879 3473 912 3525 et
926 3463 1024 3525 etiam
1049 3463 1171 3527 Scotus

203 3562 331 3625 videtur
369 3565 547 3646 aliqualiter
586 3568 747 3643 assentire,
776 3570 866 3650 quod
904 3569 1013 3633 anima
1048 3570 1170 3634 Christi

203 3668 293 3731 videt
316 3671 425 3732 omnia
449 3692 523 3752 quae
548 3674 637 3736 videt
661 3676 809 3737 Verbum
839 3697 904 3739 non
939 3678 1044 3739 solum
1082 3678 1171 3741 habi·
