2600 4200
286 370 357 433 Hrc
381 384 681 431 PRAEMITTENDAE
705 379 785 431 sunt
811 370 937 450 aliquae
966 371 1165 431 distinctio-

195 497 267 548 nes,
292 488 326 538 et
348 476 574 559 communiter
595 477 868 557 respondendum
893 487 946 537 est
970 478 1013 537 ad
1035 495 1166 556 propo·

196 586 280 645 sitas
298 581 525 663 Quaestiones.
543 582 792 645 Distinctiones
809 584 1058 663 praemittendae
1074 594 1164 645 sunt

195 700 351 771 quatuor,
376 691 457 769 quia
480 709 668 751 consensus
702 690 790 751 elius
824 700 877 751 est
911 693 1041 759 lucitus,¹
1065 689 1160 751 alius

196 804 372 874 expressus,
401 807 439 857 ut
464 807 602 859 notatur
624 798 741 857 Extra.
767 800 825 875 qui
845 799 952 857 clerici
977 798 1028 857 uel
1048 818 1160 857 uouen-

195 911 240 963 tes
262 906 499 963 matrimonium
522 905 704 963 contrahere
713 910 847 980 possunt
860 924 884 963 c.
903 904 958 963 uli.
976 903 1061 964 Item
1078 922 1160 964 con·

196 1029 318 1072 sensus
341 1030 525 1089 expressus
549 1010 637 1072 alius
660 1012 698 1070 de
714 1013 869 1088 prasenti
897 1021 949 1071 ut:
981 1014 1097 1087 acontio
1126 1016 1158 1069 te

197 1121 232 1177 in
255 1138 375 1184 meam:
398 1116 485 1177 alius
509 1118 551 1177 de
566 1115 692 1187 tutum,
706 1127 758 1178 ut:
775 1119 925 1195 accipiam
942 1124 971 1176 te
988 1120 1020 1176 in
1038 1136 1150 1186 meam,

197 1226 285 1285 sicut
309 1233 446 1284 notatur
468 1225 586 1284 Extra.
612 1225 663 1284 De
685 1224 879 1301 sponsalibus
895 1226 929 1283 in
945 1225 1045 1284 tribus
1060 1226 1153 1301 capit.

196 1329 282 1392 Item
306 1350 494 1392 consensus
517 1331 606 1392 alius
628 1332 793 1399 absolutus,
822 1331 910 1392 alius
926 1332 1156 1392 conditionatos

195 1448 230 1499 et
252 1437 317 1498 hoc
341 1438 569 1499 diversimode
596 1438 783 1499 secundum
811 1437 965 1499 diversas
992 1438 1158 1516 conditio-¹

196 1564 257 1606 nes
280 1545 465 1623 appositas,
489 1554 528 1606 ut
543 1546 687 1606 habetur
704 1545 737 1605 in
749 1545 901 1621 prodicta
918 1544 1053 1605 mabrica.
1068 1545 1157 1620 Item

196 1670 383 1713 consensus
414 1652 502 1712 alius
533 1652 619 1720 liber,
659 1652 747 1713 alius
780 1658 908 1720 coactus,
947 1660 985 1714 ut
1019 1660 1158 1716 notatur

197 1760 314 1819 Extra.
341 1759 391 1818 De
414 1759 463 1817 nis
486 1778 556 1835 quoe
579 1761 613 1818 ui
635 1766 770 1819 metusve
793 1780 887 1819 causa
902 1759 1002 1840 fiunt,
1023 1781 1047 1819 c.
1061 1778 1099 1827 J„
1121 1770 1158 1819 et

196 1865 321 1927 clarius
345 1866 489 1927 habetur
507 1885 539 1941 3.
554 1866 654 1927 Ethic.
680 1874 744 1944 cap.
758 1867 795 1927 de
808 1868 922 1927 uolunt.
937 1903 978 1911 —
993 1866 1058 1929 His
1071 1885 1158 1946 prae-

195 1974 321 2041 missis,
347 1972 388 2033 de
412 1992 579 2034 consensu
604 1982 702 2034 conto
718 1975 850 2035 dicetur
862 1972 897 2034 in
913 1992 942 2034 2.
963 1974 1090 2048 Quoest„
1113 1974 1157 2034 de

196 2080 272 2141 aliis
295 2090 409 2142 autem
444 2081 695 2161 prosequendo;
732 2080 807 2142 dico
842 2081 885 2142 ad
920 2079 1156 2162 Quaestionem

196 2197 342 2267 quatuor
365 2186 619 2249 Conclusiones.
645 2189 768 2256 Prima,
798 2190 890 2269 quod
905 2208 1093 2249 consensus
1110 2198 1158 2249 ta-

196 2295 286 2354 citus
308 2313 377 2354 non
400 2292 482 2354 facit
504 2295 768 2355 matrimonium.
794 2295 945 2362 Secundo,
974 2295 1067 2376 quod
1078 2313 1156 2355 con·

195 2419 318 2460 sensus
342 2401 384 2461 de
407 2398 522 2461 futuro
545 2401 661 2462 verbis
684 2402 787 2461 etiarn
803 2403 977 2481 expressis
995 2420 1062 2462 non
1079 2419 1155 2462 cau·

197 2516 250 2567 sat
272 2508 534 2568 matrimonium.
568 2509 683 2576 Tertia,
700 2509 793 2588 quod
808 2527 996 2570 consensus
1013 2509 1055 2569 de
1071 2525 1156 2588 pree⁴

197 2615 283 2675 senti
294 2616 408 2674 verbis
420 2623 731 2694 expressuscausat
739 2617 1004 2676 matrimonium.
1017 2615 1151 2690 Qrcorta,

196 2721 225 2781 si
253 2740 440 2782 consensus
467 2722 719 2782 conditionatos
746 2732 864 2783 causat
890 2723 1154 2783 matrimonium.

286 2935 438 2998 Primo
466 2934 683 2998 Conclusio
706 2937 868 3015 probatur
892 2935 955 2996 sic:
981 2933 1020 2995 ln
1045 2936 1158 2996 matri-

196 3044 313 3102 monio
337 3044 517 3122 acquirunt
540 3042 728 3123 conjunges
753 3043 841 3103 inter
864 3061 900 3102 se
921 3042 977 3122 jus
1004 3043 1038 3102 in
1070 3042 1154 3102 invi-

196 3168 280 3218 cem,
305 3159 344 3209 ut
367 3151 477 3229 patuit
500 3168 604 3228 supra
628 3150 712 3209 Disl.
738 3155 809 3216 26.,·
832 3150 893 3210 sed
909 3157 1155 3229 quantumcun-

198 3275 265 3336 que
289 3257 390 3317 velim
415 3257 495 3317 dare
519 3257 659 3336 aliquid,
685 3256 816 3317 nullum
837 3255 893 3336 jus
917 3257 1081 3334 accipitur
1105 3255 1153 3316 illi

197 3382 259 3442 per
281 3364 492 3424 uoluntatem
505 3383 614 3424 meam
638 3365 790 3434 tacitam
816 3364 924 3444 igitur
940 3363 973 3422 in
986 3361 1155 3423 matrimo-

198 3472 256 3530 nio
280 3490 346 3530 non
371 3468 495 3531 sufficit
518 3488 705 3530 consensus
723 3472 856 3531 tacitus,
875 3504 917 3514 -
935 3469 1073 3531 Secundo
1091 3469 1154 3530 sic:

199 3575 236 3638 Si
261 3596 448 3636 consensus
472 3577 596 3636 tacitus
620 3575 746 3637 faceret
780 3577 1042 3644 matrimonium,
1079 3594 1155 3640 cum
