2600 4200
385 241 574 303 Disrmcr.
601 239 633 300 V
660 239 847 320 Quasi]
1056 245 1095 317 65

159 439 205 481 ex
221 431 318 500 parte
344 439 408 481 sua
431 438 565 500 semper
588 420 769 500 aequaliter
792 421 942 490 assistit;
971 439 1032 500 per
1055 420 1121 481 hoc

158 536 273 588 autem
290 526 383 607 quod
399 525 495 588 Deus
512 527 642 588 assistit
659 529 891 595 sacramentis.
909 537 1121 588 sacramenta

157 631 310 695 efficiunt
325 634 418 713 quod
440 631 602 713 figurant,
628 635 717 695 utin
734 633 968 714 superioribus
989 643 1118 694 tactum

157 750 220 802 est.
238 741 379 800 Secundo
391 741 486 808 mode,
508 740 638 801 seilicet
662 730 863 819 inquantum
888 739 1046 801 Christus
1067 749 1119 801 est

157 865 263 910 causa
285 847 460 908 meritoria
487 865 556 907 non
590 865 711 907 omnes
742 847 914 926 accipiunt
943 846 1119 927 aequaliter

158 950 318 1014 effectum
343 953 511 1034 Baptismi
536 963 701 1033 quantum
720 952 763 1014 ad
779 950 972 1021 efficaciam,
1000 971 1120 1013 omnes

158 1068 273 1122 tamen
296 1061 466 1140 recipiunt
489 1057 646 1121 effectum
679 1059 848 1140 Baptismi
879 1071 1045 1139 quantum
1077 1061 1118 1120 ad

158 1164 407 1235 sufficientiam,
420 1168 509 1227 sicut
526 1167 623 1246 ponit
641 1165 811 1247 Magister
827 1167 861 1226 in
879 1166 986 1227 simili
1001 1166 1070 1226 Lib.
1084 1185 1117 1242 3.

157 1274 216 1334 ubi
233 1273 359 1352 quaerit
375 1273 403 1333 si
427 1273 543 1362 passio
567 1271 694 1334 Christi
719 1275 843 1334 meruit
858 1274 1017 1334 omnibus
1033 1273 1120 1334 salu·

156 1388 239 1450 tem,
263 1388 298 1440 et
321 1379 403 1440 dicit
426 1379 519 1459 quod
542 1379 591 1440 sic
614 1388 780 1459 quantum
805 1380 848 1440 ad
871 1377 1117 1450 sufficientiam,

145 1487 219 1547 =sed
236 1505 304 1546 non
321 1494 486 1565 quantum
511 1484 554 1546 ad
578 1483 772 1547 efficaciam.
798 1485 856 1547 Sic
879 1486 982 1546 etiam
1006 1496 1119 1566 potest

157 1591 317 1654 Christus
341 1591 383 1652 ad
406 1591 568 1671 majorem
594 1593 741 1673 gratiam
766 1611 803 1652 se
826 1590 930 1652 offere
956 1611 1018 1672 pro
1035 1611 1120 1672 prae·

156 1699 340 1760 destinatis
373 1717 475 1778 quam
509 1717 572 1779 pro
607 1718 675 1760 non
711 1698 974 1779 praedestinatis,
1017 1701 1119 1759 Tertio

155 1807 256 1875 modo,
281 1805 411 1866 scilicet
434 1815 602 1884 quantum
626 1806 670 1866 ad
693 1807 906 1886 recipientes
934 1807 1011 1867 dico
1027 1806 1118 1886 quod

156 1913 363 1993 recipientes
386 1911 612 1992 Baptismum‚
641 1921 700 1973 aut
734 1922 816 1973 sunt
842 1915 984 1990 paruuli,
1012 1915 1118 1974 etsie

156 2019 339 2100 aequaliter
360 2020 539 2098 recipiunt,
564 2019 629 2079 nisi
655 2017 743 2079 forte
767 2019 813 2080 ibi
838 2030 1054 2080 concurreret
1084 2019 1119 2080 fi·

156 2128 219 2188 des
257 2137 437 2207 parentum
471 2136 506 2187 et
540 2126 695 2196 aliorum,
731 2128 820 2188 sicut
855 2128 967 2189 innuit
1001 2128 1120 2208 glossa

156 2234 271 2294 Matre.
298 2254 326 2307 9.
352 2251 455 2313 super
478 2233 538 2293 illo
566 2234 692 2294 verbo:
730 2235 853 2295 videns
884 2234 986 2313 Jesus
1016 2233 1117 2296 fidem

146 2340 305 2402 illorum.
324 2340 388 2400 Ait
404 2340 494 2399 enlm
512 2339 631 2421 glossa
655 2342 724 2401 sic:
753 2351 886 2402 tantum
903 2342 1012 2403 valuit
1028 2343 1118 2421 apud

155 2446 270 2508 Deum
294 2444 380 2507 fides
404 2446 524 2515 aliena,
550 2456 587 2507 ut
610 2447 704 2508 intus
728 2457 762 2509 et
785 2457 885 2508 extra
911 2457 1045 2508 sanaret
1061 2448 1119 2509 ho-

157 2556 296 2623 minem,
321 2553 424 2614 homo
449 2560 561 2612 autem
579 2572 647 2613 non
673 2564 814 2615 sanatur
837 2555 929 2615 intus
961 2555 1026 2614 nisi
1057 2574 1119 2633 per

158 2662 318 2742 gratiam,
342 2659 418 2720 Aut
442 2670 522 2719 sunt
545 2660 654 2727 adulti)
686 2670 720 2721 et
752 2662 800 2721 sic
833 2662 1009 2721 venientes
1040 2679 1117 2722 cum

156 2768 277 2847 majori
320 2766 504 2826 devotione
547 2766 709 2845 majorem
752 2768 899 2847 gratiam
938 2769 1117 2847 recipiunt,

151 2874 256 2954 juxta
278 2872 433 2953 regulam
458 2871 658 2953 vulgatam:
690 2882 787 2934 actus
818 2876 1007 2934 activorum
1039 2884 1118 2934 sunt

157 2982 192 3042 in
221 2980 373 3060 patiente
396 2978 647 3058 praedisposito

247 3191 310 3252 Ar>
343 3204 618 3252 assensurum
653 3205 884 3253 Pammenia
915 3192 991 3251 dico
1025 3192 1118 3271 quod

155 3297 316 3379 quaedam
342 3298 461 3379 glossa
484 3317 586 3377 super
617 3298 677 3359 illo
712 3299 817 3359 verbo
843 3299 937 3377 Joaiz.
974 3317 1021 3373 13.
1058 3300 1115 3377 qui

154 3407 249 3469 lotus
273 3414 326 3467 est
350 3424 418 3467 non
443 3404 575 3485 indiget
599 3416 673 3476 etc,
709 3406 821 3466 dicere
856 3405 992 3465 videtur
1025 3406 1117 3484 quod

153 3512 320 3594 Apostoli
345 3509 484 3573 luerunt
506 3510 667 3591 baptizati
682 3534 689 3584 ;
722 3522 756 3573 et
772 3512 836 3572 hoc
852 3511 1054 3572 rationabile
1070 3513 1118 3571 vi-

153 3629 219 3689 tur,
245 3621 327 3700 quia
351 3616 510 3681 Christus
532 3618 612 3681 fecit
636 3638 696 3679 eos
720 3615 931 3687 Sacerdotes
957 3616 1017 3679 sed
1033 3617 1117 3678 ordo
