2600 4200
228 219 292 279 260
465 218 539 278 Lus.
565 216 618 277 IV
642 214 949 279 Snursu’rmauu

202 414 233 456 2.
257 402 323 473 cop.
348 402 411 455 lom
438 398 471 453 in
495 401 584 454 texta
607 416 701 473 quom
728 396 760 454 in
781 396 896 472 glossa.
923 394 959 457 Si
986 406 1100 456 autem
1123 398 1168 457 ir-

203 503 410 583 regularitas
422 510 513 562 esset
525 522 571 562 ex
583 501 877 563 administratione
902 505 936 564 in
954 500 1083 565 Ordine
1096 522 1166 563 non

203 618 374 687 suscepto
399 608 619 687 dispensatur
641 628 702 688 per
734 608 955 689 Episcopum,
985 618 1024 670 ut
1046 610 1163 669 Extra.

203 716 256 775 De
287 716 397 775 clerz'co
431 736 492 774 non
527 716 688 774 ordinato
704 718 912 783 ministrante,
940 736 965 776 c.
990 735 1020 777 2.
1048 714 1084 777 Si
1110 737 1166 777 au-

203 831 271 882 tem
296 832 388 882 esset
412 821 649 903 irregularitas
673 838 718 883 ex
742 824 956 883 contumacia
975 842 1090 902 poenae
1114 843 1167 883 ca·

203 930 337 989 nonicae
361 928 581 1008 dispensatur
603 948 665 1008 per
701 929 796 990 illum
831 929 928 1009 cujus
963 931 1166 990 auctoritate

153 1064 157 1076 ·
202 1054 308 1115 poena
340 1036 506 1096 canonica
538 1033 604 1096 fuit
637 1033 775 1097 inflicta.
802 1034 1014 1115 -Quando
1050 1034 1164 1096 autem

202 1142 439 1222 irregularitas
464 1160 530 1201 non
556 1152 608 1202 est
639 1162 684 1203 ex
708 1144 848 1210 cm'nn'ne,
889 1145 978 1204 sicut
1012 1151 1065 1203 est
1099 1160 1167 1203 ser·

201 1251 297 1309 vitus
320 1260 460 1328 propter
494 1268 594 1328 quam
630 1250 734 1311 homo
768 1250 892 1310 dicitur
926 1248 1088 1310 inhabilis
1122 1248 1165 1309 ad

201 1355 458 1434 suscipiendum
483 1352 642 1426 Ordines,
667 1357 695 1416 si
721 1356 800 1416 talis
824 1355 865 1415 de
889 1353 979 1416 facto
996 1355 1167 1416 ordinare·

201 1471 258 1522 tur
281 1464 391 1522 invito
414 1462 563 1531 domin0,
589 1472 647 1523 aut
676 1462 893 1542 postmodum
934 1482 1002 1523 non
1026 1480 1167 1523 consen-

200 1569 318 1637 tiente,
343 1577 424 1630 tunc
449 1569 550 1629 debet
573 1588 650 1628 eum
675 1570 834 1629 dominus
863 1568 1167 1629 actibusdecenti·

199 1674 268 1736 bus
305 1683 432 1737 statum
472 1694 583 1743 suum,
619 1675 749 1736 scilicet
788 1675 946 1744 ordinati,
986 1693 1163 1754 occupare.

201 1778 350 1860 Quando
364 1791 477 1842 autem
502 1792 556 1843 est
579 1782 816 1862 irregularitas
839 1802 883 1842 ex
904 1781 1087 1862 illegitima
1110 1800 1167 1842 na·

200 1888 337 1949 tivitate
360 1887 579 1967 dispensatur
601 1907 663 1967 per
686 1888 826 1968 Papam,
855 1898 893 1948 ut
927 1898 1021 1967 patet
1046 1888 1164 1947 Extra.

201 1994 254 2053 De
267 1995 356 2074 filiis
380 1994 516 2071 presbyt.
543 1994 613 2056 Sed
650 1996 679 2055 si
721 1994 956 2076 irregularitas
994 2004 1085 2055 esset
1118 2013 1166 2054 ex

120 2181 123 2185 ¹
200 2103 427 2171 mutilatione,
453 2110 486 2162 et
518 2111 609 2163 esset
642 2104 801 2168 enormis,
838 2112 872 2163 et
906 2103 980 2182 ipse
1014 2111 1104 2163 esset
1128 2105 1164 2162 in

200 2228 314 2278 causa,
340 2209 401 2270 vix
436 2208 664 2287 dispensatur,
701 2219 738 2270 ut
773 2210 918 2270 habetur
941 2209 1025 2269 Dist.
1047 2228 1100 2284 55.
1126 2207 1169 2267 Si

200 2318 273 2392 quis
296 2314 469 2375 absciderit.
495 2315 549 2375 De
573 2315 650 2376 aliis
675 2325 799 2386 autem,
825 2315 955 2377 scilicet
983 2314 1025 2376 de
1059 2315 1168 2376 homi-

199 2422 290 2483 cidio
314 2431 349 2482 et
371 2422 524 2502 bigamia
547 2423 678 2502 patebit
703 2419 845 2484 inferius
869 2423 953 2484 Dist.
975 2441 1028 2498 33.

298 2529 420 2603 Quarto
454 2529 531 2589 dico
566 2529 657 2609 quod
689 2531 967 2590 excommunicatio
991 2529 1166 2590 relexatur

199 2654 262 2715 per
286 2636 535 2696 absolutionem
561 2634 684 2696 iactam
710 2637 752 2696 ab
776 2635 837 2697 illo
861 2637 919 2716 qui
933 2637 1167 2698 excommuni-

199 2744 303 2811 cavit,
329 2745 357 2803 si
383 2743 693 2806 excommunicatio
717 2753 769 2804 est
797 2763 818 2803 a
836 2743 961 2822 judice,
987 2742 1043 2804 vel
1068 2761 1166 2822 supe-

198 2849 281 2910 riori
306 2850 400 2928 ejus;
426 2851 454 2910 si
480 2859 593 2909 autem
617 2858 671 2909 est
694 2869 714 2909 a
733 2851 818 2929 jure,
844 2850 976 2912 tollitur
992 2867 1053 2929 per
1069 2848 1167 2909 abso-

199 2955 365 3016 lutionem
390 2957 463 3036 ejus
487 2958 544 3035 qui
567 2956 623 3036 jus
646 2956 808 3016 condidit.

293 3064 411 3135 Quinto
435 3063 512 3123 dico
544 3062 636 3143 quod
662 3064 857 3122 interdictam
893 3063 1068 3124 relaxatur
1102 3081 1167 3142 per

199 3169 297 3229 illum
322 3171 378 3248 qui
411 3171 528 3248 posuit
562 3169 790 3230 interdictum.
816 3167 855 3229 In
891 3171 1013 3230 ceteris
1047 3179 1165 3231 tamen

198 3275 336 3336 casibus
370 3275 545 3336 relaxatur
579 3276 785 3356 quandoque
821 3296 840 3335 a
871 3275 956 3356 jure,
983 3287 1020 3338 ut
1042 3275 1165 3337 Extra.

199 3381 251 3441 De
274 3389 349 3441 sent.
374 3403 491 3442 excom.
517 3403 541 3442 c.
568 3385 664 3442 Almo
691 3389 798 3442 eteoter.

289 3489 387 3549 Sexto
410 3490 486 3548 dico
510 3489 602 3567 quod
625 3492 785 3566 suspensio
809 3488 941 3550 tollitur
957 3509 1017 3568 per
1033 3490 1168 3551 relaxa·

198 3595 326 3654 tionem
351 3594 474 3654 factam
510 3595 589 3655 talis
625 3597 860 3675 suspensionis
895 3615 956 3676 per
990 3615 1066 3656 eum
1102 3599 1166 3676 qui

199 3720 275 3759 eam
300 3702 388 3762 tulit.
