2600 4200
229 239 291 295 224
454 220 528 281 Lm.
554 218 605 280 IV
631 218 936 282 Snurunrtnnuu

402 327 405 335 ι
418 328 468 335 ..ιι-ι.

205 397 344 467 steriali,
369 399 429 458 sed
453 399 495 459 de
518 398 699 479 principali
723 418 802 478 quae
829 400 991 479 competit
1023 399 1101 461 Deo
1133 410 1169 460 et

203 506 306 565 etiam
331 504 477 576 Christe,
503 514 540 565 ut
563 508 759 585 expositum
784 508 893 567 estin
918 525 944 565 r.
971 508 1043 566 Art.

560 752 743 833 Quffisrm
767 752 811 813 ΙΙ.

294 896 349 955 Ad
368 898 532 957 secundam
562 896 770 969 Quoeslz'ouem
794 898 837 955 sic
863 898 1071 974 proceditur:

293 1036 440 1099 Videtur
463 1038 555 1117 quod
579 1047 732 1117 potestas
748 1037 896 1098 clavium
915 1056 981 1098 non
1000 1056 1036 1097 se
1048 1050 1168 1099 exten·

204 1145 262 1205 dat
286 1145 328 1205 ad
351 1164 490 1223 poenam
514 1144 746 1224 temporalem,
772 1147 853 1225 quia
877 1146 905 1205 si
923 1146 981 1215 sic,
999 1153 1058 1205 aut
1073 1154 1167 1207 esset

203 1251 247 1310 ad
270 1252 487 1311 remittendum
512 1251 604 1312 illam
630 1261 689 1312 aut
712 1252 930 1331 z'rfizpendum.
956 1250 1035 1313 Non
1060 1252 1102 1312 ad
1120 1272 1168 1311 re-

204 1358 395 1425 mittendum,
423 1359 504 1437 quia
527 1377 587 1438 per
610 1355 807 1437 frequentes
831 1358 1065 1419 absolutiones
1089 1378 1167 1438 pos-

203 1472 256 1524 set
280 1474 352 1524 tota
373 1483 477 1543 poena
500 1465 615 1525 debita
638 1483 700 1544 pro
724 1474 864 1545 peccato
887 1466 1025 1533 remitti,
1057 1474 1091 1525 et
1115 1466 1166 1525 sic

205 1571 296 1649 apud
319 1588 557 1651 quemcunque
581 1570 802 1632 Sacerdotem
826 1581 918 1633 esset
940 1581 1093 1652 potestas
1110 1573 1168 1633 ab·

203 1676 359 1738 solvendi
384 1697 404 1738 a
427 1677 528 1757 culpa
550 1688 585 1739 et
607 1697 712 1758 poena
735 1696 796 1757 per
819 1676 1016 1759 frequentes
1032 1678 1167 1740 absolu·

203 1784 325 1853 tiones
351 1784 443 1864 quod
466 1794 519 1845 est
543 1786 798 1846 inconveniens.
838 1784 911 1846 Nec
945 1786 1101 1846 extendit
1127 1804 1167 1846 se

202 1891 246 1951 ad
269 1892 487 1969 injugendum,
503 1892 584 1971 quia
607 1902 688 1952 tunc
712 1892 856 1971 quilibet
878 1893 1051 1972 poenitens
1074 1900 1168 1953 tene·

202 2008 296 2058 retur
320 1998 461 2077 implere
485 1997 673 2077 quamlibet
695 2017 833 2078 poenam
859 1998 1044 2079 injunctam
1062 1998 1128 2059 sibi
1146 2018 1167 2059 a

203 2104 397 2174 Sacerdote,
423 2105 515 2185 quod
538 2114 590 2166 est
614 2103 737 2168 falsum
763 2106 900 2186 quando
928 2105 1078 2187 injungit
1094 2125 1168 2186 poe-

203 2212 381 2272 nitentiam
405 2211 633 2272 indiscretam.
779 2219 784 2224 ‘

296 2319 420 2378 Contra.
445 2317 517 2379 Ista
539 2328 693 2398 potestas
717 2319 865 2380 clavium
890 2320 933 2380 ad
965 2319 1096 2399 aliquid
1126 2339 1165 2381 se

202 2424 371 2497 extendit;
397 2425 457 2486 sed
481 2445 549 2486 non
574 2426 616 2486 ad
640 2426 733 2486 aliud
750 2445 852 2505 quam
869 2425 911 2486 ad
926 2443 1065 2505 poenam
1083 2437 1166 2488 tem·

201 2532 368 2611 poralem;
393 2551 486 2613 ergo
512 2532 674 2594 Probatio
698 2534 838 2600 minore,
867 2533 948 2612 quia
971 2552 1040 2594 non
1057 2533 1165 2595 adre-

202 2639 399 2699 missionem
424 2639 536 2718 culpae
560 2659 622 2700 nec
645 2657 760 2719 poenae
788 2649 937 2710 aeternae,
973 2641 1055 2719 quia
1088 2640 1164 2708 haec

202 2747 280 2815 du0‚
306 2746 490 2806 secundum
517 2745 735 2827 Magistrum,
760 2755 959 2825 competunt
975 2746 1039 2807 soli
1071 2745 1162 2819 Deo;

203 2871 288 2933 ergo
312 2871 379 2913 non
404 2853 560 2913 extendit
584 2871 620 2912 se
644 2853 688 2913 ad
712 2852 841 2933 aliquid
865 2851 958 2914 aliud
989 2872 1091 2934 quam
1119 2854 1162 2914 ad

201 2978 340 3040 poenam
364 2960 596 3039 temporalem.

290 3066 334 3128 Iu
361 3081 446 3128 rsrA
481 3063 717 3146 Quaesumus
752 3075 832 3127 sunt
866 3067 953 3128 varii
989 3068 1080 3129 modi
1115 3067 1162 3127 di-

201 3173 310 3240 cendi,
335 3173 395 3233 sed
419 3174 569 3233 breviter
596 3183 741 3251 possunt
776 3173 890 3233 reduci
927 3173 969 3233 ad
1004 3183 1159 3253 quatuor,

201 3288 236 3340 et
260 3280 445 3339 secundum
470 3279 535 3340 hoc
558 3288 705 3359 possunt
728 3298 804 3340 esse
828 3281 862 3340 in
880 3277 1081 3360 Quaestione
1097 3280 1161 3341 Ar·

203 3385 298 3446 ticuli
323 3395 477 3465 quatuor.

297 3491 387 3550 Unus
410 3493 517 3551 modus
540 3493 670 3559 dicendi,
699 3502 751 3553 est
774 3511 874 3573 quem
906 3493 1027 3554 recitat
1051 3491 1160 3573 Magi·

201 3607 271 3657 ster
295 3601 327 3655 in
352 3600 452 3665 litero,
478 3599 569 3677 quod
587 3597 755 3660 Sacerdos
773 3617 840 3660 non
857 3600 1006 3660 absolvit
1022 3620 1042 3660 a
1057 3618 1159 3679 poena
