2600 4200
199 216 388 279 Drs‘uucr.
414 216 506 278 XVI
529 231 575 279 m
593 215 703 278 XVII
728 215 879 297 QuAEsr.
902 216 936 278 II
985 236 1045 295 215

110 398 201 456 enim
225 393 378 457 confiteri
403 395 534 474 quilibet
567 395 705 457 adultus
739 404 773 456 et
806 395 938 457 habens
970 413 1071 457 usum

110 503 254 563 rationis
277 512 311 563 et
334 520 550 583 cognoscens
572 512 749 584 peccatum
774 502 866 583 quod
889 503 1072 564 commisit.

111 609 177 670 Per
201 608 355 669 adultum
379 618 493 670 autem
517 628 586 669 non
618 608 777 691 intelligo
811 608 1070 669 determinatam

111 725 247 777 aetatem
271 717 352 796 quia
375 716 410 775 in
435 714 494 776 tali
519 734 601 777 casu
612 715 745 776 malitia
768 714 906 795 supplet
923 724 1070 777 aetatem.

112 859 153 866 —
178 820 340 884 Continet
364 823 466 883 etiam
490 821 555 882 hoc
578 830 788 902 praeceptum
814 823 894 901 quid
912 832 1075 903 peccator
1148 904 1150 908 ,

112 930 211 991 debet
245 927 409 999 confiteri,
445 930 526 1009 quia
559 936 737 1008 peccatum
771 929 915 990 mortale
950 938 983 989 et
1011 930 1073 989 cir·

111 1038 336 1097 cumstantias
360 1037 489 1115 peccati
516 1035 681 1096 mortalis
707 1071 749 1079 -
774 1034 934 1097 Continet
969 1035 1072 1096 etiam

112 1143 204 1204 istud
227 1152 436 1222 praeceptum
453 1144 506 1201 cui
519 1152 678 1222 peccator
693 1141 793 1203 debet
810 1140 973 1212 confiteri,
992 1142 1076 1222 quia

112 1249 300 1321 sacerdoti,
326 1249 421 1309 solus
443 1250 534 1309 enim
559 1249 718 1310 sacerdos
741 1248 845 1310 habet
867 1258 1071 1329 potestatem

113 1356 243 1438 lIgandi
268 1367 303 1417 et
326 1355 492 1417 solvendi.
518 1392 559 1399 -
585 1354 746 1417 Continet
769 1356 871 1417 etiam
895 1356 961 1417 hoc
987 1377 1075 1438 prae·

112 1472 248 1543 ceptum
260 1463 384 1540 quando
395 1472 553 1542 peccator
566 1462 667 1523 debet
683 1460 847 1533 confiteri,
872 1465 953 1543 quia
969 1484 1076 1545 quan·

112 1571 292 1649 docunque
315 1579 368 1629 est
391 1570 426 1630 in
449 1568 602 1648 periculo
636 1571 777 1642 mortis;
802 1568 946 1649 quilibet
980 1573 1071 1633 enim

112 1654 249 1756 quando
274 1677 428 1737 imminet
450 1675 640 1755 periculum
663 1676 893 1739 damnationis
917 1678 1019 1739 debet
1035 1698 1075 1739 se

112 1783 155 1843 ad
178 1793 321 1843 mortem
346 1800 562 1861 praepararc3
588 1782 681 1843 istud
709 1792 822 1844 autem
857 1803 924 1845 non
941 1806 942 1811 ¹
960 1783 1072 1845 solum

111 1900 165 1951 est
189 1891 224 1950 in
247 1886 446 1950 infirmitate
468 1888 615 1959 mortali,
641 1890 701 1950 sed
726 1891 828 1950 etiarn
853 1890 990 1970 quando
1007 1910 1075 1973 ag-

113 1997 269 2079 greditur
292 2004 389 2057 actus
423 1995 547 2057 arduos
582 1997 671 2057 sicut
704 1996 843 2066 bellum,
878 1997 934 2058 vel
968 2017 1072 2069 mare,

112 2104 169 2166 vel
192 2114 289 2165 actus
312 2102 399 2164 alios
422 2102 593 2164 solemnes
617 2113 757 2184 propter
780 2107 1015 2166 reverentiam.
1029 2142 1074 2151 -

112 2211 273 2273 Continet
297 2212 399 2271 etiam
423 2211 561 2288 qualiter
581 2222 741 2291 peccator
772 2210 873 2272 debet
907 2209 1074 2282 confiteri,

112 2302 194 2399 quia
216 2335 293 2379 cum
317 2317 534 2397 displicentia
557 2319 687 2397 peccati
716 2319 901 2388 commissi,
927 2329 961 2378 et
995 2337 1072 2380 cum

113 2426 290 2505 proposito
306 2423 498 2484 abstinendi
527 2443 547 2484 a
569 2435 711 2504 peccato
735 2433 770 2486 et
804 2424 983 2486 obediendi
1011 2423 1078 2487 Ec·

113 2530 230 2592 clesiae
254 2532 289 2592 in
313 2517 555 2592 satisfactione*
568 2549 630 2610 pro
666 2532 732 2592 isto
767 2539 916 2610 peccato
942 2529 1072 2593 Verum

114 2638 252 2718 quidem
276 2648 338 2708 est,
363 2637 455 2716 quod
478 2647 603 2716 praeter
627 2638 712 2700 istas
728 2637 941 2698 conditiones
965 2639 1077 2718 requi·

113 2755 236 2805 runtur
258 2744 374 2824 plures
398 2743 489 2814 aliae3
525 2750 559 2803 et
583 2744 788 2805 Includendo
811 2745 896 2806 istas
924 2752 957 2805 et
989 2743 1079 2806 alias

114 2862 196 2912 sunt
224 2871 272 2930 17,
297 2869 439 2930 quarum
464 2851 589 2932 aliquae
613 2861 694 2912 sunt
717 2853 919 2913 necessariae
947 2852 1079 2932 simpli·

114 2958 209 3028 citer,
234 2958 309 3019 aliae
332 2977 400 3018 non
431 2958 631 3037 simpliciter
666 2959 878 3029 necessariae,
903 2969 936 3020 et
971 2958 1080 3021 inclu-

114 3065 242 3125 duntur
265 3065 300 3125 in
324 3063 379 3125 his
401 3064 579 3125 versibus:

161 3223 213 3283 Sit
233 3225 378 3300 simplex,
406 3223 544 3291 humilis,
572 3223 732 3300 consessio,
754 3231 851 3301 pura,
871 3225 991 3304 fidelis.

161 3350 265 3427 Atque
277 3347 445 3426 frequens,
474 3351 567 3417 nuda,
595 3351 736 3417 discreta,
765 3349 871 3418 libens,
891 3351 1078 3410 verecunda.

161 3473 300 3550 Integra,
327 3479 452 3540 secreta,
481 3473 701 3550 lacrymabilis,
730 3475 907 3534 accelerata.

162 3597 267 3657 Fortis
289 3605 320 3657 et
340 3617 498 3666 accusans,
525 3604 555 3658 el
576 3601 618 3658 sit
632 3605 751 3675 parere
768 3605 895 3676 parata.
