2600 4200
314 225 503 288 Drsrmcr.
531 227 682 290 XXXII
708 226 859 308 Quassr.
881 229 897 291 Ι
1006 251 1066 310 295

132 403 285 465 occidere
319 402 441 466 foetum
477 408 511 467 in
546 415 643 467 utero
678 410 903 487 praegnantis‚
932 409 987 470 vel
1023 429 1092 471 non

133 530 209 571 esse
233 531 337 572 causa
363 513 512 582 abortus
537 532 640 593 quam
677 515 769 574 istud
803 515 953 576 reddere.
979 515 1092 597 Igitur

131 617 189 677 ubi
214 628 266 678 est
289 617 466 697 probabile
488 619 678 699 periculum
691 620 733 680 de
750 622 962 682 extinctione
985 620 1095 683 foetus

131 723 188 785 vel
211 725 252 785 de
276 725 397 786 abortu
421 723 576 788 faciendo
602 747 669 787 non
704 735 840 789 tenetur
873 728 1014 789 reddere
1037 728 1093 789 de·

131 830 249 904 bitum.
287 829 453 893 Similiter
487 833 606 912 majori
643 843 818 913 praecepto
853 844 988 895 tenetur
1022 855 1092 896 non

131 955 234 1018 agere
258 939 348 999 unde
371 939 485 1018 proles
508 951 669 1001 nascatur
692 941 838 1020 leprosa,
863 959 943 1020 quae
973 952 1092 1021 posset

132 1044 216 1105 alias
240 1048 409 1125 procreari
434 1066 527 1116 sana,
552 1065 654 1126 quam
683 1065 746 1126 pro
780 1066 870 1107 nunc
894 1046 1092 1109 satisfacere

131 1151 300 1213 voluntati
324 1152 499 1225 mulieris;
525 1163 563 1214 ut
595 1155 629 1214 in
664 1153 821 1233 pluribus
858 1163 970 1214 autem
1005 1174 1095 1234 puer

131 1265 283 1336 tempore
307 1261 471 1320 menstrui
503 1270 690 1339 conceptus
724 1260 876 1320 nascitur
910 1260 1088 1340 leprosus;

131 1363 238 1443 igitur
262 1374 342 1426 tunc
366 1385 433 1426 non
458 1375 592 1427 tenetur
613 1366 753 1426 reddere
769 1366 932 1427 debitum.
951 1403 992 1409 —
1014 1367 1094 1426 Con-

121 1469 288 1547 firmalur,
317 1473 399 1550 quia
421 1491 490 1532 non
514 1473 588 1532 sine
619 1491 723 1532 causa
757 1473 791 1533 in
827 1471 905 1553 lege
939 1475 1092 1534 mosaica

131 1575 295 1637 accedens
319 1578 362 1638 ad
384 1578 561 1639 mulierem
586 1587 832 1639 menstruatam
849 1577 967 1639 debuit
982 1580 1088 1650 mori;

129 1700 222 1743 mors
257 1693 370 1744 autem
405 1704 472 1745 non
508 1684 716 1766 intelligitur
749 1685 815 1745 nisi
851 1703 914 1763 pro
948 1695 1092 1764 peccato

129 1789 264 1850 mortali
290 1800 324 1852 et
340 1793 454 1872 gravi;
472 1811 556 1872 ergo
573 1811 641 1852 non
659 1792 796 1852 videtur
811 1791 988 1870 probabile
1004 1793 1089 1871 quin

130 1896 294 1975 implicite
318 1899 364 1958 sit
386 1898 596 1977 prohibitum
622 1897 687 1958 hoc
712 1899 747 1958 in
775 1897 853 1978 lege
887 1897 1092 1978 evangelica

129 2021 208 2080 quae
232 2012 284 2064 est
308 2004 364 2065 lex
389 2004 565 2066 charitatis
589 2015 623 2066 et
646 2005 823 2065 castitatis.

219 2108 288 2173 Sed
300 2122 418 2173 contra
429 2112 493 2174 hoc
506 2114 653 2174 instatur
665 2114 746 2191 quia
761 2122 842 2171 tunc
859 2113 959 2171 uxori
981 2111 1091 2191 lepro-

129 2234 178 2276 sae
195 2219 249 2277 vir
261 2237 365 2279 sanus
377 2238 445 2279 non
458 2219 596 2279 deberet
608 2219 749 2279 reddere
761 2218 924 2287 debitum,
937 2218 1019 2296 quia
1035 2226 1090 2277 est

129 2334 248 2385 contra
281 2324 407 2386 bonum
431 2325 538 2405 prolis
558 2344 636 2404 quae
660 2333 858 2386 nasceretur
884 2324 1029 2404 leprosa,
1053 2332 1089 2384 et

129 2440 249 2490 contra
260 2432 527 2493 incolumitatem
551 2432 723 2511 propriam
748 2432 829 2509 quia
840 2438 958 2511 posset
969 2450 1014 2489 ex
1026 2430 1087 2490 tali

130 2545 207 2598 actu
224 2538 395 2598 incurrere
418 2538 557 2617 lepram,
574 2538 672 2618 cujus
684 2547 797 2598 tamen
810 2538 1006 2617 oppositum
1031 2534 1091 2595 ha-

128 2643 237 2704 betur.
262 2646 379 2704 Extra.
394 2646 444 2703 De
454 2646 600 2722 conjugrb
612 2646 804 2721 leprosorum
816 2664 840 2703 c.
855 2663 882 2702 1.
897 2642 989 2723 quod
1006 2642 1088 2703 licet

128 2750 266 2831 conjugi
292 2750 438 2830 leprosae
462 2752 587 2830 conjux
605 2770 710 2812 sanus
721 2750 777 2811 vel
793 2750 949 2829 leprosus
965 2748 1089 2809 debeat

128 2856 280 2918 debitum
305 2858 445 2918 reddere
469 2858 656 2919 secundum
681 2856 772 2918 istud
796 2856 985 2936 capitulum
1001 2874 1089 2935 prae·

129 2962 326 3045 allegatum,
351 2982 419 3024 non
444 2973 556 3025 tamen
574 2964 730 3043 sequitur
744 2963 837 3043 quod
854 2962 987 3023 mulieri
1005 2971 1092 3022 tem·

128 3088 210 3149 pore
234 3080 496 3140 menstruorum,
521 3071 602 3149 quia
625 3070 673 3130 ibi
708 3088 776 3130 non
812 3079 866 3129 est
888 3076 1007 3129 contra
1030 3069 1092 3128 bo-

128 3196 209 3237 num
233 3176 340 3257 prolis
364 3177 456 3257 quod
476 3185 674 3256 procreatur
690 3176 835 3255 leprosa,
853 3177 957 3235 immo
973 3175 1090 3256 magis

128 3292 218 3345 esset
242 3294 360 3345 contra
383 3284 510 3344 bonum
534 3282 641 3362 prolis
676 3281 769 3361 quod
803 3300 976 3361 nunquam
1012 3300 1092 3361 pro-

127 3398 317 3462 crearetur;
342 3390 386 3450 de
409 3391 475 3451 ista
491 3398 603 3450 autem
620 3396 729 3449 matre
744 3406 918 3467 nunquam
934 3405 1090 3467 procrea·

127 3505 183 3557 tur
206 3498 235 3557 si
259 3504 399 3576 propter
433 3495 561 3576 lepram
586 3496 735 3566 vitetur;
770 3494 825 3554 hic
861 3503 973 3554 autem
997 3500 1032 3553 et
1055 3493 1085 3553 si

127 3622 195 3663 non
241 3612 438 3683 procreetur
483 3612 636 3683 tempore
675 3610 927 3661 menstruorum
971 3607 1086 3659 tamen
