2600 4200
226 224 286 284 242
457 204 532 269 Lre.
557 204 610 269 IV
634 203 940 270 Ssurnunanou

199 404 266 446 non
289 396 403 446 autern
428 386 470 448 de
494 392 592 453 realu,
621 387 650 447 si
676 398 790 449 reatus
814 388 960 448 sumitur
983 407 1045 467 pro
1076 388 1161 449 obli-

199 494 347 573 gatione.
384 492 539 554 Sumitur
572 495 663 554 enim
698 504 812 555 reatus
846 493 1088 574 multipliciter,
1119 506 1160 555 ut

199 599 281 659 dicit
305 598 474 681 Magister
499 600 569 661 Lib.
594 620 622 660 2.
636 602 705 661 dist.
718 620 780 677 42„
798 601 1030 681 videlicetpro
1047 601 1157 681 culpa,

198 725 260 785 pro
283 724 395 785 poena,
420 727 482 787 pro
505 707 716 789 obligatione
740 708 782 768 ad
806 728 954 787 poenam.

286 920 350 982 De
372 920 550 983 seetmdo
572 918 766 983 Artleulo
782 922 859 982 dico
875 920 968 1000 quod
983 920 1079 981 Deus
1091 920 1158 981 dis-

198 1028 294 1105 ponit
318 1035 456 1105 peceata
479 1028 681 1106 poenitentis
704 1037 781 1106 post
813 1028 1050 1107 poenitentiam
1081 1046 1158 1087 esse

198 1141 287 1193 tecta
311 1133 496 1194 secundum
520 1133 605 1194 illud
629 1134 822 1214 Augustini
847 1135 1053 1213 exponentis
1070 1134 1157 1195 illud

199 1240 317 1299 Psalm.
339 1260 391 1315 31.
417 1240 514 1301 Beati
538 1260 683 1319 quorum
716 1249 790 1309 etc.¹
822 1249 856 1301 et
891 1259 1034 1320 quorum
1068 1249 1158 1301 tecta

198 1356 279 1408 sunt
301 1357 449 1426 peccata,
474 1347 563 1408 idest
587 1367 655 1408 non
679 1348 826 1427 amplius
850 1348 958 1408 videri
975 1348 1018 1407 ad
1030 1347 1158 1407 vindic·

199 1462 284 1525 tam;
309 1462 343 1513 et
367 1473 470 1534 super
504 1454 588 1515 illud
623 1455 753 1515 lllzhum
788 1475 837 1515 r..·
877 1454 955 1515 Non
991 1454 1157 1533 judicabit

198 1558 367 1621 Dominus
390 1561 444 1622 bis
469 1562 502 1621 in
528 1562 690 1641 idipsum;
716 1571 750 1623 et
774 1562 850 1622 ideo
873 1561 915 1623 de
938 1563 1092 1641 potentia
1107 1580 1158 1621 or-

198 1668 314 1729 dinata
337 1687 405 1729 non
429 1678 544 1747 potest
566 1670 676 1729 redire
700 1669 818 1729 eadem
844 1670 1011 1750 obligatio
1036 1688 1097 1729 nec
1114 1668 1156 1728 ad

198 1775 340 1836 eandem
364 1794 501 1854 poenam
526 1786 724 1855 postquam
749 1777 902 1837 extincta
925 1786 987 1845 est,
1005 1784 1043 1835 ut
1059 1775 1158 1836 habe-

197 1884 234 1941 de
257 1882 368 1942 Poem't.
393 1883 462 1942 dist.
486 1901 516 1958 4.
542 1882 670 1943 Divina
704 1882 893 1952 elementia,
919 1883 1060 1943 dimissa
1083 1900 1158 1961 pec-

198 1999 273 2050 cata
296 1991 331 2049 in
363 1989 528 2050 ultionem
560 1989 702 2051 ulterius
733 1990 842 2051 redire
878 2009 944 2050 non
980 1990 1155 2070 permittit,

198 2115 260 2158 nec
283 2098 420 2177 patitur.

292 2204 406 2264 Contra
429 2207 520 2264 istam
549 2205 780 2265 Conclusionem
805 2205 961 2274 instatur,
987 2205 1158 2284 quiasim·

197 2311 331 2391 pliciter
355 2331 392 2372 se
415 2312 541 2373 habent
564 2311 654 2372 mala
670 2311 713 2372 ad
729 2311 940 2391 punitionem
958 2320 993 2373 et
1008 2311 1098 2372 bona
1113 2311 1158 2372 ad

198 2421 517 2490 remunerationem;
550 2419 610 2479 sed
633 2419 723 2479 bona
748 2420 844 2499 prius
871 2417 960 2478 iacta
972 2429 1157 2500 resurgunt

198 2526 241 2585 ad
253 2526 572 2597 remunerationem;
591 2544 675 2606 ergo
699 2525 788 2586 mala
812 2525 854 2586 ad
876 2527 1098 2605 punitionem.
1114 2561 1155 2568 -

199 2633 254 2691 Ad
274 2633 356 2691 illud
374 2631 450 2692 dico
474 2632 565 2712 quod
589 2651 657 2692 non
681 2634 799 2692 eodeni
824 2632 924 2692 modo
959 2651 995 2692 se
1029 2631 1157 2695 habent

198 2739 288 2799 mala
310 2738 353 2798 ad
376 2740 599 2817 punitionem,
624 2741 713 2800 sicut
728 2740 819 2800 bona
830 2740 872 2799 ad
885 2740 1156 2818 praemiationem

198 2845 310 2926 quoad
334 2846 397 2906 hoc
422 2845 514 2924 quod
537 2847 627 2908 mala
649 2856 794 2926 possunt
818 2846 929 2926 puniri
966 2845 1157 2925 temporali-

198 2962 249 3013 ter
273 2962 306 3013 et
330 2949 545 3022 sufficienter,
571 2955 599 3014 si
624 2972 728 3033 poena
744 2964 872 3015 aeterna
889 2953 933 3014 sit
949 2961 1157 3014 commutata

198 3061 233 3122 in
257 3059 492 3139 temporalem3
518 3061 578 3121 sed
601 3061 691 3121 bona
707 3061 1064 3140 meritorianunquam
1081 3077 1158 3138 pos·

199 3176 278 3228 sunt
301 3167 471 3246 praemiari
497 3165 703 3228 sufficienter
726 3187 786 3247 per
809 3167 911 3228 talem
924 3167 1157 3228 commutatio·

198 3293 286 3342 nem,
312 3293 373 3334 nec
397 3294 457 3354 per
481 3293 694 3354 consequens
730 3275 794 3335 nisi
831 3275 942 3354 ipsum
975 3275 1155 3353 praemium

199 3390 363 3441 aeternum
389 3383 423 3441 in
448 3400 485 3442 se
508 3383 554 3442 sit
578 3381 749 3450 collatum,
785 3381 877 3462 quod
911 3399 1086 3461 nunquam
1117 3378 1158 3441 fit

198 3489 332 3557 viatori,
357 3498 391 3548 et
407 3489 483 3548 ideo
507 3507 641 3568 semper
665 3498 816 3550 remanet
840 3489 904 3550 sibi
933 3488 989 3568 jus
1020 3487 1156 3549 salvum

199 3595 241 3656 ad
265 3595 410 3676 gloriam
435 3614 537 3674 quam
561 3597 747 3675 acquisivit
769 3615 830 3676 per
853 3595 912 3658 illa
935 3597 1063 3657 merita.
