2600 4200
329 245 519 307 Drsnncr.
549 245 651 308 XLV
670 245 822 327 QnAEsr.
847 247 863 308 1
1000 251 1062 326 367

214 423 270 482 Ad
288 429 511 500 argumentum
534 433 648 485 autem
676 425 848 504 opinionis
883 425 959 486 dico
994 426 1087 506 quod

116 528 254 608 aliquid
277 538 330 590 est
353 530 502 590 medium
527 532 585 591 uni
610 531 730 591 virtuti
754 531 847 611 quod
870 551 939 592 non
956 541 1009 593 est
1020 551 1089 593 me·

120 635 219 696 dium
242 634 350 705 alteri,
374 635 546 716 loquendo
570 637 612 698 de
636 637 749 698 medio
773 641 975 708 necessario
997 639 1088 699 sicut

122 742 159 803 in
183 739 419 804 transferendo
441 761 565 822 corpus
589 743 632 804 de
656 744 731 806 loco
755 745 798 804 ad
821 743 944 814 locum,
962 745 1020 807 ubi
1033 754 1088 806 est

121 848 274 909 medium
297 851 527 911 necessarium
551 851 672 911 virtuti
704 851 850 911 naturali
874 853 1026 920 motivae,
1051 860 1088 912 et

122 963 238 1016 tamen
262 955 347 1016 illud
371 973 439 1016 non
462 965 516 1017 est
538 956 689 1018 medium
713 958 833 1018 virtuti
850 958 988 1028 divinae,
1005 977 1085 1038 quae

123 1070 238 1141 potest
270 1062 387 1133 subito
421 1061 605 1124 transferre
639 1064 682 1125 de
716 1083 921 1144 quocunque
956 1065 1011 1124 ubi
1042 1065 1087 1126 ad

119 1167 363 1249 'quodcumque
386 1169 454 1229 ubi.
480 1167 538 1231 Sic
562 1171 597 1230 in
620 1172 798 1251 proposito
832 1168 993 1251 perfectae
1018 1172 1085 1232 vir·

124 1276 190 1336 tuti
214 1275 431 1337 abstractivae
460 1278 689 1338 necessarium
725 1285 777 1338 est
811 1278 962 1339 medium
996 1279 1087 1339 inter

123 1382 286 1443 sensibile
309 1392 409 1443 extra
424 1393 459 1444 et
474 1402 597 1462 purum
614 1384 844 1467 intelligibile,
862 1383 993 1446 scilicet
1008 1403 1086 1446 esse

50 1547 57 1552 .
124 1489 366 1570 imaginabile3
391 1490 452 1551 sed
479 1470 598 1552 virtuti
633 1489 827 1570 perfectiori
864 1491 1083 1552 abstractivae
1123 1527 1125 1533 s

123 1613 191 1655 non
216 1604 269 1656 est
292 1596 385 1657 istud
408 1597 558 1657 medium
584 1599 834 1670 necessarium;
860 1598 950 1659 unde
985 1616 1086 1679 argu·

123 1711 276 1762 mentum
299 1711 413 1782 potest
437 1703 514 1764 duci
539 1702 582 1763 ad
608 1707 814 1784 oppositum.

213 1913 269 1976 Ex
280 1891 359 1995 ³jam
383 1916 484 2011 dictis
506 1919 602 1996 patet
633 1916 677 1977 ad
692 1916 892 1979 secudum
915 1914 1085 1978 Articu-

125 2022 229 2084 lum.
246 2021 375 2083 Anima
391 2023 482 2083 enim
493 2023 593 2084 beata
605 2022 662 2083 vel
679 2030 835 2103 separata
846 2031 961 2102 potest
972 2023 1086 2104 acqui·

123 2147 197 2190 rere
220 2130 377 2190 notitiam
401 2149 470 2191 non
493 2129 604 2190 solum
629 2129 872 2191 abstractivam
896 2130 1083 2190 sedetiam

123 2234 318 2295 intuitivam
344 2255 411 2297 non
429 2235 540 2296 solum
553 2235 767 2311 sensibilium
781 2236 870 2297 sicut
881 2228 996 2315 pote'st
1007 2253 1085 2296 con·

120 2340 238 2421 juncta
260 2342 321 2402 sed
344 2343 446 2403 etiam
481 2336 774 2422 quorumcunque
797 2340 1082 2422 intelligibilium

122 2466 208 2534 ergo
230 2450 418 2509 orationem
431 2450 506 2510 sive
518 2449 672 2511 vocalem
689 2451 762 2509 sive
775 2448 957 2509 mentalem
969 2457 1085 2528 potest

123 2572 331 2634 cognoscere
342 2555 527 2616 dummodo
539 2555 761 2617 immoderata
769 2555 932 2615 distantia
944 2573 1011 2615 non
1025 2555 1086 2615 im-

122 2660 238 2742 pediat
249 2662 306 2722 vel
317 2638 436 2747 divina
447 2662 608 2723 voluntas
620 2661 886 2741 nonprohibeat.
901 2660 973 2723 Nec
991 2659 1085 2721 valet

123 2767 216 2846 quod
238 2768 432 2829 intellectus
455 2777 568 2829 actum
593 2787 693 2829 suum
710 2768 885 2851 proprium
903 2767 1006 2828 habet
1030 2786 1084 2828 oc·

123 2873 252 2947 cultum
277 2874 326 2956 [et
348 2884 461 2936 actum
485 2874 674 2939 voluntatis
698 2875 771 2953 pari
806 2874 939 2934 ratione
974 2874 1083 2934 occul-

123 2979 210 3061 tum]
234 2982 316 3061 quia
337 2981 413 3042 haec
437 2990 518 3042 sunt
541 2982 662 3042 intima
677 2991 852 3041 creaturae.
871 2978 916 3040 Et
933 2979 997 3041 hoc
1014 2999 1082 3041 non

123 3086 305 3159 concludit,
329 3090 411 3168 quia
434 3084 653 3149 manifestum
678 3097 730 3148 est
754 3087 845 3167 quod
873 3105 1008 3147 omnem
1032 3105 1084 3147 ac-

123 3202 195 3254 tum
219 3194 409 3257 voluntatis
432 3213 518 3255 meae
541 3203 657 3274 potest
679 3194 874 3255 intellectus
897 3212 994 3254 meus
1029 3212 1083 3254 co·

123 3319 309 3381 gnoscere;
335 3303 395 3363 sed
418 3302 612 3363 intellectus
636 3301 725 3362 alius
753 3298 935 3380 perfectior
968 3310 1084 3380 potest

123 3408 158 3467 in
182 3407 267 3469 illud
290 3409 459 3488 obJ'ectum
483 3409 518 3469 in
535 3408 628 3489 quod
643 3416 758 3488 potest
774 3406 968 3490 intellectus
984 3426 1082 3468 meus

124 3514 152 3574 si
176 3533 245 3575 non
269 3516 433 3594 impediat
455 3516 701 3576 determinatus
724 3514 807 3574 ordo
843 3514 885 3574 ad
920 3513 1083 3593 intelligi·

123 3620 206 3682 bilia
228 3621 283 3681 vel
307 3620 460 3683 defectus
494 3623 761 3701 proportionatae
796 3621 1001 3700 praesentiae.
1027 3618 1081 3680 In-
