2600 4200
345 236 533 298 Drsrmcr.
559 235 674 296 XXX
703 235 899 316 QuAEsr.I
1029 241 1090 316 285
1165 238 1167 245 '

155 416 297 495 impedit
332 415 595 483 matrimonium,
631 416 714 494 quia
747 434 868 475 servus
902 435 969 476 non
1000 425 1116 495 potest

154 523 235 584 dare
259 531 461 602 potestatem
486 523 538 582 sui
563 523 715 601 corporis
739 522 853 593 alteri;
879 523 939 582 sed
963 524 1029 585 ista
1059 521 1117 582 do-

155 630 248 689 natio
272 629 456 708 requiritur
478 629 670 690 necessario
693 629 728 688 in
745 629 978 699 matrimonio;
997 630 1113 709 igitur.
1134 695 1137 701 q

155 771 197 780 -
222 734 291 796 Sed
315 737 395 815 quia
419 736 485 796 ista
508 733 691 796 Conclusio
714 745 832 814 posset
854 735 942 795 male
955 735 1113 816 intelligi,

155 843 232 902 ideo
256 841 441 903 notandum
466 842 651 902 secundum
677 840 810 921 aliquos
834 843 990 902 doctores
1022 840 1116 921 quod

155 967 248 1008 error
270 949 475 1008 conditionis
499 957 613 1027 potest
637 967 713 1008 esse
737 948 863 1027 triplex
887 950 922 1009 in
946 949 1113 1027 personis,

155 1055 236 1135 quia
258 1066 318 1115 aut
341 1063 393 1114 est
410 1057 504 1131 paris
526 1054 742 1124 conditionis
759 1063 798 1114 ut
809 1073 886 1116 cum
900 1073 1023 1114 servus
1037 1073 1115 1114 con·

155 1161 258 1222 trahit
282 1181 359 1222 cum
383 1160 521 1232 ancilla;
558 1170 617 1221 aut
648 1162 787 1219 melioris
820 1161 1036 1228 conditionis,
1076 1169 1116 1221 ut

154 1270 291 1348 quando
315 1287 436 1328 servus
459 1268 629 1328 contrahit
644 1286 722 1327 cum
739 1267 861 1338 libera;
880 1278 939 1327 aut
950 1268 1114 1334 deterioris

155 1375 370 1444 conditionis
395 1384 433 1435 ut
456 1374 591 1453 quando
603 1373 690 1434 liber
705 1373 874 1435 contrahit
890 1393 967 1434 curn
981 1374 1113 1435 ancilla.

155 1480 195 1540 In
220 1482 352 1543 duobus
376 1482 495 1560 primis
519 1481 665 1548 casibus,
690 1499 785 1540 error
807 1499 875 1541 non
889 1481 1032 1558 impedit
1047 1499 1116 1540 ma·

154 1589 368 1659 trimonium;
394 1589 427 1647 in
453 1588 552 1647 tertio
576 1606 658 1646 vero
682 1586 825 1664 impedit
844 1586 1112 1648 contrahendum

155 1703 190 1754 et
213 1694 340 1754 dirimit
360 1693 428 1772 jam
453 1701 674 1760 contractum,
698 1694 765 1753 nisi
788 1702 867 1772 post
882 1693 1115 1773 cognitionem

155 1799 360 1860 conditionis
383 1799 548 1858 assentiat
571 1797 676 1858 verbo
700 1798 756 1858 vel
780 1795 880 1858 lacto
905 1797 953 1858 Et
976 1800 1018 1859 de
1049 1797 1115 1859 hoc

155 1907 220 1967 erit
243 1924 354 1966 sermo
378 1902 465 1965 infra
489 1904 577 1965 Dist.
604 1906 655 1980 36.

248 2013 371 2086 Quarta
400 2011 567 2078 Conclusio,
593 2011 621 2071 si
646 2029 740 2070 error
762 2029 949 2071 consensus
972 2012 1116 2090 impedit

155 2120 419 2187 matrimonium,
444 2128 527 2197 puta
549 2118 686 2197 quando
710 2118 796 2178 alter
822 2118 1007 2199 conjugum
1038 2137 1116 2178 con·

156 2225 259 2287 trahit
283 2226 396 2285 animo
420 2225 565 2303 simplici
590 2234 624 2285 et
646 2224 733 2286 alter
756 2224 873 2285 dolose
890 2234 990 2284 utens
1007 2225 1114 2284 verbo

156 2332 230 2393 sine
253 2332 366 2391 anirno
390 2330 620 2400 con-trahendi,
645 2331 722 2391 dico
738 2332 830 2410 quod
847 2333 882 2391 in
898 2327 985 2391 facie
1000 2328 1116 2391 Eccle-

156 2439 218 2499 siae
242 2440 288 2499 sit
311 2438 573 2505 matrimonium,
609 2446 723 2497 tamen
758 2438 792 2497 in
827 2436 914 2497 facie
949 2436 1014 2497 Dei
1049 2438 1115 2497 iste

155 2563 249 2605 error
272 2544 413 2623 impedit
436 2544 699 2612 matrimonium,
724 2544 806 2622 quia
828 2543 871 2603 ad
894 2543 1043 2622 aliquem
1070 2540 1116 2603 ef·

154 2648 282 2711 lectum
306 2651 523 2729 requiruntur
538 2649 616 2718 du0,
631 2668 735 2709 unum
753 2658 914 2728 tanquam
927 2648 1115 2728 principale

154 2766 190 2817 et
213 2756 356 2816 alterum
379 2766 540 2834 tanquam
565 2756 679 2815 minus
702 2754 903 2834 principale;
933 2755 962 2814 si
980 2752 1116 2814 deficiat

154 2864 247 2943 quod
271 2872 323 2923 est
346 2864 458 2942 magis
482 2861 668 2940 principale
691 2870 726 2921 et
742 2869 889 2940 ponatur
906 2860 941 2920 id
957 2860 1051 2939 quod
1062 2870 1116 2920 est

154 2970 269 3030 minus
293 2968 479 3047 principale
503 2988 570 3029 non
594 2969 749 3047 sequitur
772 2968 815 3028 ad
846 2968 931 3028 illud
962 2964 1114 3028 effectus.

156 3072 225 3136 Sed
249 3076 291 3135 ad
315 3076 567 3135 matrimonium
603 3074 786 3154 requiritur
819 3092 1008 3134 consensus
1043 3082 1115 3133 tan·

155 3198 258 3261 quarn
282 3180 477 3260 principale,
502 3191 537 3241 et
560 3181 702 3241 verbum
719 3191 880 3259 tanquam
897 3180 1011 3240 minus
1027 3180 1117 3258 prin·

155 3283 273 3366 cipale.

245 3390 437 3453 Occurrunt
460 3402 573 3453 autem
604 3392 659 3452 hic
692 3392 759 3452 duo
794 3392 906 3452 dubia,
943 3391 1092 3451 Primum
1103 3412 1116 3449 .·

154 3507 231 3560 esto
254 3499 346 3578 quod
369 3498 493 3577 aliquis
517 3498 559 3559 ad
583 3498 853 3585 extorquendam
877 3496 1046 3557 carnalem
1063 3514 1116 3556 co·

155 3605 271 3683 pulam
296 3604 385 3664 dicat
410 3605 523 3674 verba,
547 3606 661 3665 animo
686 3614 798 3664 tamen
831 3622 899 3664 non
934 3602 1115 3663 intendens
