<?xml version="1.0" encoding="UTF-8"?>
<!DOCTYPE html PUBLIC "-//W3C//DTD XHTML 1.0 Transitional//EN"
    "http://www.w3.org/TR/xhtml1/DTD/xhtml1-transitional.dtd">
<html xmlns="http://www.w3.org/1999/xhtml" xml:lang="en" lang="en">
 <head>
  <title>
</title>
<meta http-equiv="Content-Type" content="text/html;charset=utf-8" />
  <meta name='ocr-system' content='tesseract 3.04.00' />
  <meta name='ocr-capabilities' content='ocr_page ocr_carea ocr_par ocr_line ocrx_word'/>
</head>
<body>
  <div class='ocr_page' id='page_1' title='image "./commentariainli02scotgoog_0183.png"; bbox 0 0 2600 4200; ppageno 0'>
   <div class='ocr_carea' id='block_1_1' title="bbox 204 224 1046 307">
    <p class='ocr_par' dir='ltr' id='par_1_1' title="bbox 204 224 1046 307">
     <span class='ocr_line' id='line_1_1' title="bbox 204 224 1046 307; baseline 0.006 -22"><span class='ocrx_word' id='word_1_1' title='bbox 204 224 384 289; x_wconf 75' lang='lat' dir='ltr'>Drs&#39;rmcr.</span> <span class='ocrx_word' id='word_1_2' title='bbox 410 226 489 288; x_wconf 89' lang='lat' dir='ltr'>XXI</span> <span class='ocrx_word' id='word_1_3' title='bbox 512 236 544 288; x_wconf 86' lang='lat' dir='ltr'>et</span> <span class='ocrx_word' id='word_1_4' title='bbox 569 227 666 290; x_wconf 87' lang='lat' dir='ltr'>XXII</span> <span class='ocrx_word' id='word_1_5' title='bbox 692 226 837 307; x_wconf 77' lang='lat' dir='ltr'>QUAEsr.</span> <span class='ocrx_word' id='word_1_6' title='bbox 862 227 891 289; x_wconf 89' lang='lat' dir='ltr'>II</span> <span class='ocrx_word' id='word_1_7' title='bbox 988 227 1046 307; x_wconf 93' lang='lat'>167</span> 
     </span>
    </p>
   </div>
   <div class='ocr_carea' id='block_1_2' title="bbox 127 429 1074 1884">
    <p class='ocr_par' dir='ltr' id='par_1_2' title="bbox 128 429 1071 816">
     <span class='ocr_line' id='line_1_2' title="bbox 128 429 1070 514; baseline 0.007 -26"><span class='ocrx_word' id='word_1_8' title='bbox 128 429 163 488; x_wconf 89' lang='lat' dir='ltr'>ad</span> <span class='ocrx_word' id='word_1_9' title='bbox 183 429 239 492; x_wconf 87' lang='lat' dir='ltr'>hoc</span> <span class='ocrx_word' id='word_1_10' title='bbox 259 432 349 514; x_wconf 90' lang='lat' dir='ltr'>quod</span> <span class='ocrx_word' id='word_1_11' title='bbox 372 431 488 513; x_wconf 90' lang='lat' dir='ltr'>aliquis</span> <span class='ocrx_word' id='word_1_12' title='bbox 510 432 551 494; x_wconf 88' lang='lat' dir='ltr'>sit</span> <span class='ocrx_word' id='word_1_13' title='bbox 574 431 686 506; x_wconf 94' lang='lat' dir='ltr'>homo,</span> <span class='ocrx_word' id='word_1_14' title='bbox 711 432 882 514; x_wconf 83' lang='lat' dir='ltr'>requiritur</span> <span class='ocrx_word' id='word_1_15' title='bbox 918 433 994 495; x_wconf 92' lang='lat' dir='ltr'>unio</span> <span class='ocrx_word' id='word_1_16' title='bbox 1017 453 1070 495; x_wconf 89' lang='lat' dir='ltr'>ac·</span> 
     </span>
     <span class='ocr_line' id='line_1_3' title="bbox 129 535 1071 621; baseline 0.006 -26"><span class='ocrx_word' id='word_1_17' title='bbox 129 535 208 598; x_wconf 85' lang='lat' dir='ltr'>tualis</span> <span class='ocrx_word' id='word_1_18' title='bbox 227 540 342 601; x_wconf 80' lang='lat' dir='ltr'>animae</span> <span class='ocrx_word' id='word_1_19' title='bbox 367 560 443 602; x_wconf 91' lang='lat' dir='ltr'>cum</span> <span class='ocrx_word' id='word_1_20' title='bbox 479 560 638 621; x_wconf 88' lang='lat' dir='ltr'>corpore;</span> <span class='ocrx_word' id='word_1_21' title='bbox 675 541 731 602; x_wconf 91' lang='lat' dir='ltr'>sed</span> <span class='ocrx_word' id='word_1_22' title='bbox 756 539 787 602; x_wconf 93' lang='lat' dir='ltr'>in</span> <span class='ocrx_word' id='word_1_23' title='bbox 819 540 927 602; x_wconf 91' lang='lat' dir='ltr'>triduo</span> <span class='ocrx_word' id='word_1_24' title='bbox 961 540 1071 602; x_wconf 90' lang='lat' dir='ltr'>anima</span> 
     </span>
     <span class='ocr_line' id='line_1_4' title="bbox 131 640 1071 728; baseline 0.005 -25"><span class='ocrx_word' id='word_1_25' title='bbox 131 640 229 704; x_wconf 82' lang='lat' dir='ltr'>Christi</span> <span class='ocrx_word' id='word_1_26' title='bbox 262 666 328 708; x_wconf 91' lang='lat' dir='ltr'>non</span> <span class='ocrx_word' id='word_1_27' title='bbox 363 655 433 707; x_wconf 92' lang='lat' dir='ltr'>erat</span> <span class='ocrx_word' id='word_1_28' title='bbox 466 646 633 708; x_wconf 82' lang='lat' dir='ltr'>actualiter</span> <span class='ocrx_word' id='word_1_29' title='bbox 670 647 761 708; x_wconf 87' lang='lat' dir='ltr'>unita</span> <span class='ocrx_word' id='word_1_30' title='bbox 795 667 951 728; x_wconf 88' lang='lat' dir='ltr'>corpore;</span> <span class='ocrx_word' id='word_1_31' title='bbox 991 667 1071 728; x_wconf 85' lang='lat' dir='ltr'>ergo</span> 
     </span>
     <span class='ocr_line' id='line_1_5' title="bbox 131 747 953 816; baseline 0.005 -6"><span class='ocrx_word' id='word_1_32' title='bbox 131 747 255 814; x_wconf 80' lang='lat' dir='ltr'>Christus</span> <span class='ocrx_word' id='word_1_33' title='bbox 277 753 309 814; x_wconf 95' lang='lat' dir='ltr'>in</span> <span class='ocrx_word' id='word_1_34' title='bbox 334 753 443 814; x_wconf 87' lang='lat' dir='ltr'>triduo</span> <span class='ocrx_word' id='word_1_35' title='bbox 466 774 531 815; x_wconf 92' lang='lat' dir='ltr'>non</span> <span class='ocrx_word' id='word_1_36' title='bbox 555 751 616 816; x_wconf 81' lang='lat' dir='ltr'>fuit</span> <span class='ocrx_word' id='word_1_37' title='bbox 640 753 742 816; x_wconf 94' lang='lat' dir='ltr'>homo</span> <span class='ocrx_word' id='word_1_38' title='bbox 767 751 953 816; x_wconf 86' lang='lat' dir='ltr'>formaliter.</span> 
     </span>
    </p>

    <p class='ocr_par' dir='ltr' id='par_1_3' title="bbox 127 857 1074 1884">
     <span class='ocr_line' id='line_1_6' title="bbox 183 857 1070 942; baseline 0 -22"><span class='ocrx_word' id='word_1_39' title='bbox 183 857 292 921; x_wconf 86' lang='lat' dir='ltr'>Scotus</span> <span class='ocrx_word' id='word_1_40' title='bbox 315 868 406 922; x_wconf 91' lang='lat' dir='ltr'>tenet</span> <span class='ocrx_word' id='word_1_41' title='bbox 420 861 558 922; x_wconf 90' lang='lat' dir='ltr'>eandem</span> <span class='ocrx_word' id='word_1_42' title='bbox 575 860 828 934; x_wconf 87' lang='lat' dir='ltr'>conclusionem,</span> <span class='ocrx_word' id='word_1_43' title='bbox 845 861 964 922; x_wconf 88' lang='lat' dir='ltr'>scilicet</span> <span class='ocrx_word' id='word_1_44' title='bbox 980 859 1070 942; x_wconf 89' lang='lat' dir='ltr'>quod</span> 
     </span>
     <span class='ocr_line' id='line_1_7' title="bbox 130 961 1071 1040; baseline 0.004 -16"><span class='ocrx_word' id='word_1_45' title='bbox 130 961 256 1027; x_wconf 86' lang='lat' dir='ltr'>Christus</span> <span class='ocrx_word' id='word_1_46' title='bbox 282 967 314 1029; x_wconf 95' lang='lat' dir='ltr'>in</span> <span class='ocrx_word' id='word_1_47' title='bbox 351 967 459 1028; x_wconf 91' lang='lat' dir='ltr'>triduo</span> <span class='ocrx_word' id='word_1_48' title='bbox 495 988 560 1029; x_wconf 92' lang='lat' dir='ltr'>non</span> <span class='ocrx_word' id='word_1_49' title='bbox 595 966 657 1029; x_wconf 81' lang='lat' dir='ltr'>luit</span> <span class='ocrx_word' id='word_1_50' title='bbox 692 966 793 1030; x_wconf 92' lang='lat' dir='ltr'>homo</span> <span class='ocrx_word' id='word_1_51' title='bbox 829 965 1014 1040; x_wconf 83' lang='lat' dir='ltr'>formaliter,</span> <span class='ocrx_word' id='word_1_52' title='bbox 1039 976 1071 1028; x_wconf 87' lang='lat' dir='ltr'>et</span> 
     </span>
     <span class='ocr_line' id='line_1_8' title="bbox 129 1068 1071 1136; baseline 0.001 -4"><span class='ocrx_word' id='word_1_53' title='bbox 129 1068 210 1132; x_wconf 82' lang='lat' dir='ltr'>habet</span> <span class='ocrx_word' id='word_1_54' title='bbox 231 1075 327 1135; x_wconf 88' lang='lat' dir='ltr'>talem</span> <span class='ocrx_word' id='word_1_55' title='bbox 352 1075 532 1135; x_wconf 88' lang='lat' dir='ltr'>rationem:</span> <span class='ocrx_word' id='word_1_56' title='bbox 563 1073 749 1136; x_wconf 88' lang='lat' dir='ltr'>humanitas</span> <span class='ocrx_word' id='word_1_57' title='bbox 773 1075 822 1135; x_wconf 87' lang='lat' dir='ltr'>vel</span> <span class='ocrx_word' id='word_1_58' title='bbox 859 1073 960 1136; x_wconf 93' lang='lat' dir='ltr'>homo</span> <span class='ocrx_word' id='word_1_59' title='bbox 994 1073 1071 1134; x_wconf 90' lang='lat' dir='ltr'>dicit</span> 
     </span>
     <span class='ocr_line' id='line_1_9' title="bbox 128 1179 1072 1262; baseline 0.003 -25"><span class='ocrx_word' id='word_1_60' title='bbox 128 1179 275 1242; x_wconf 82' lang='lat' dir='ltr'>entitatem</span> <span class='ocrx_word' id='word_1_61' title='bbox 298 1181 484 1242; x_wconf 85' lang='lat' dir='ltr'>absolutam</span> <span class='ocrx_word' id='word_1_62' title='bbox 510 1181 592 1242; x_wconf 86' lang='lat' dir='ltr'>ultra</span> <span class='ocrx_word' id='word_1_63' title='bbox 612 1181 781 1243; x_wconf 87' lang='lat' dir='ltr'>entitatem</span> <span class='ocrx_word' id='word_1_64' title='bbox 806 1181 958 1262; x_wconf 89' lang='lat' dir='ltr'>partium,</span> <span class='ocrx_word' id='word_1_65' title='bbox 975 1189 1007 1241; x_wconf 89' lang='lat' dir='ltr'>et</span> <span class='ocrx_word' id='word_1_66' title='bbox 1024 1189 1072 1241; x_wconf 85' lang='lat' dir='ltr'>est</span> 
     </span>
     <span class='ocr_line' id='line_1_10' title="bbox 129 1280 1072 1370; baseline 0.006 -28"><span class='ocrx_word' id='word_1_67' title='bbox 129 1280 171 1345; x_wconf 81' lang='lat' dir='ltr'>illa</span> <span class='ocrx_word' id='word_1_68' title='bbox 190 1287 299 1349; x_wconf 87' lang='lat' dir='ltr'>entitas</span> <span class='ocrx_word' id='word_1_69' title='bbox 322 1309 399 1369; x_wconf 80' lang='lat' dir='ltr'>quae</span> <span class='ocrx_word' id='word_1_70' title='bbox 434 1287 568 1349; x_wconf 87' lang='lat' dir='ltr'>resultat</span> <span class='ocrx_word' id='word_1_71' title='bbox 590 1302 633 1349; x_wconf 88' lang='lat' dir='ltr'>ex</span> <span class='ocrx_word' id='word_1_72' title='bbox 658 1288 804 1370; x_wconf 87' lang='lat' dir='ltr'>partibus</span> <span class='ocrx_word' id='word_1_73' title='bbox 840 1288 957 1362; x_wconf 89' lang='lat' dir='ltr'>unitis;</span> <span class='ocrx_word' id='word_1_74' title='bbox 993 1287 1072 1349; x_wconf 88' lang='lat' dir='ltr'>alias</span> 
     </span>
     <span class='ocr_line' id='line_1_11' title="bbox 129 1394 1072 1476; baseline 0.003 -26"><span class='ocrx_word' id='word_1_75' title='bbox 129 1394 273 1469; x_wconf 84' lang='lat' dir='ltr'>generatio</span> <span class='ocrx_word' id='word_1_76' title='bbox 295 1404 329 1456; x_wconf 93' lang='lat' dir='ltr'>et</span> <span class='ocrx_word' id='word_1_77' title='bbox 351 1394 517 1476; x_wconf 89' lang='lat' dir='ltr'>corruptio</span> <span class='ocrx_word' id='word_1_78' title='bbox 545 1415 610 1456; x_wconf 92' lang='lat' dir='ltr'>non</span> <span class='ocrx_word' id='word_1_79' title='bbox 645 1394 895 1456; x_wconf 88' lang='lat' dir='ltr'>terminarentur</span> <span class='ocrx_word' id='word_1_80' title='bbox 926 1395 967 1456; x_wconf 90' lang='lat' dir='ltr'>ad</span> <span class='ocrx_word' id='word_1_81' title='bbox 992 1394 1072 1456; x_wconf 91' lang='lat' dir='ltr'>enti-</span> 
     </span>
     <span class='ocr_line' id='line_1_12' title="bbox 127 1499 1072 1575; baseline 0.005 -18"><span class='ocrx_word' id='word_1_82' title='bbox 127 1504 197 1559; x_wconf 86' lang='lat' dir='ltr'>tates</span> <span class='ocrx_word' id='word_1_83' title='bbox 217 1499 400 1575; x_wconf 83' lang='lat' dir='ltr'>absolutas;</span> <span class='ocrx_word' id='word_1_84' title='bbox 424 1501 482 1562; x_wconf 89' lang='lat' dir='ltr'>sed</span> <span class='ocrx_word' id='word_1_85' title='bbox 505 1500 653 1564; x_wconf 86' lang='lat' dir='ltr'>Christus</span> <span class='ocrx_word' id='word_1_86' title='bbox 676 1502 708 1562; x_wconf 93' lang='lat' dir='ltr'>in</span> <span class='ocrx_word' id='word_1_87' title='bbox 732 1501 841 1563; x_wconf 92' lang='lat' dir='ltr'>triduo</span> <span class='ocrx_word' id='word_1_88' title='bbox 869 1505 933 1562; x_wconf 89' lang='lat' dir='ltr'>non</span> <span class='ocrx_word' id='word_1_89' title='bbox 959 1499 1072 1562; x_wconf 90' lang='lat' dir='ltr'>habuit</span> 
     </span>
     <span class='ocr_line' id='line_1_13' title="bbox 128 1602 1074 1688; baseline 0.006 -24"><span class='ocrx_word' id='word_1_90' title='bbox 128 1602 208 1665; x_wconf 83' lang='lat' dir='ltr'>istam</span> <span class='ocrx_word' id='word_1_91' title='bbox 230 1608 396 1669; x_wconf 85' lang='lat' dir='ltr'>entitatem</span> <span class='ocrx_word' id='word_1_92' title='bbox 421 1607 555 1681; x_wconf 87' lang='lat' dir='ltr'>unitam,</span> <span class='ocrx_word' id='word_1_93' title='bbox 579 1608 657 1688; x_wconf 92' lang='lat' dir='ltr'>quia</span> <span class='ocrx_word' id='word_1_94' title='bbox 681 1607 712 1668; x_wconf 94' lang='lat' dir='ltr'>in</span> <span class='ocrx_word' id='word_1_95' title='bbox 736 1607 844 1670; x_wconf 91' lang='lat' dir='ltr'>triduo</span> <span class='ocrx_word' id='word_1_96' title='bbox 869 1628 933 1670; x_wconf 93' lang='lat' dir='ltr'>non</span> <span class='ocrx_word' id='word_1_97' title='bbox 958 1607 1074 1670; x_wconf 89' lang='lat' dir='ltr'>habuit</span> 
     </span>
     <span class='ocr_line' id='line_1_14' title="bbox 128 1713 1072 1796; baseline 0.004 -25"><span class='ocrx_word' id='word_1_98' title='bbox 128 1721 219 1789; x_wconf 82' lang='lat' dir='ltr'>partes</span> <span class='ocrx_word' id='word_1_99' title='bbox 241 1713 381 1776; x_wconf 86' lang='lat' dir='ltr'>hominis</span> <span class='ocrx_word' id='word_1_100' title='bbox 404 1714 511 1776; x_wconf 89' lang='lat' dir='ltr'>unitas</span> <span class='ocrx_word' id='word_1_101' title='bbox 524 1734 531 1788; x_wconf 88' lang='lat'>;</span> <span class='ocrx_word' id='word_1_102' title='bbox 556 1735 636 1796; x_wconf 86' lang='lat' dir='ltr'>crgo</span> <span class='ocrx_word' id='word_1_103' title='bbox 661 1713 808 1778; x_wconf 88' lang='lat' dir='ltr'>Christus</span> <span class='ocrx_word' id='word_1_104' title='bbox 825 1714 856 1776; x_wconf 93' lang='lat' dir='ltr'>in</span> <span class='ocrx_word' id='word_1_105' title='bbox 873 1715 982 1776; x_wconf 89' lang='lat' dir='ltr'>triduo</span> <span class='ocrx_word' id='word_1_106' title='bbox 1006 1733 1072 1775; x_wconf 92' lang='lat' dir='ltr'>non</span> 
     </span>
     <span class='ocr_line' id='line_1_15' title="bbox 128 1813 303 1884; baseline 0.046 -8"><span class='ocrx_word' id='word_1_107' title='bbox 128 1813 178 1880; x_wconf 84' lang='lat' dir='ltr'>luit</span> <span class='ocrx_word' id='word_1_108' title='bbox 198 1820 303 1884; x_wconf 91' lang='lat' dir='ltr'>homo.</span> 
     </span>
    </p>
   </div>
   <div class='ocr_carea' id='block_1_3' title="bbox 124 2034 1075 3277">
    <p class='ocr_par' dir='ltr' id='par_1_4' title="bbox 124 2034 1074 2973">
     <span class='ocr_line' id='line_1_16' title="bbox 182 2034 1071 2119; baseline 0 -23"><span class='ocrx_word' id='word_1_109' title='bbox 182 2034 240 2096; x_wconf 84' lang='lat' dir='ltr'>Al)</span> <span class='ocrx_word' id='word_1_110' title='bbox 273 2050 417 2099; x_wconf 75' lang='lat' dir='ltr'><strong>PRIMUM</strong></span> <span class='ocrx_word' id='word_1_111' title='bbox 452 2049 669 2099; x_wconf 74' lang='lat' dir='ltr'><strong>PRINCIPALE</strong></span> <span class='ocrx_word' id='word_1_112' title='bbox 706 2045 842 2119; x_wconf 84' lang='lat' dir='ltr'>negetur</span> <span class='ocrx_word' id='word_1_113' title='bbox 876 2036 1071 2108; x_wconf 74' lang='lat' dir='ltr'>antecedam,</span> 
     </span>
     <span class='ocr_line' id='line_1_17' title="bbox 126 2142 1071 2220; baseline 0.001 -18"><span class='ocrx_word' id='word_1_114' title='bbox 126 2142 192 2220; x_wconf 84' lang='lat' dir='ltr'>quia</span> <span class='ocrx_word' id='word_1_115' title='bbox 213 2144 282 2207; x_wconf 82' lang='lat' dir='ltr'>haec</span> <span class='ocrx_word' id='word_1_116' title='bbox 298 2156 346 2207; x_wconf 87' lang='lat' dir='ltr'>est</span> <span class='ocrx_word' id='word_1_117' title='bbox 361 2144 461 2206; x_wconf 87' lang='lat' dir='ltr'>falsa:</span> <span class='ocrx_word' id='word_1_118' title='bbox 486 2144 634 2207; x_wconf 83' lang='lat' dir='ltr'>Christus</span> <span class='ocrx_word' id='word_1_119' title='bbox 658 2144 689 2205; x_wconf 94' lang='lat' dir='ltr'>in</span> <span class='ocrx_word' id='word_1_120' title='bbox 714 2144 821 2206; x_wconf 89' lang='lat' dir='ltr'>triduo</span> <span class='ocrx_word' id='word_1_121' title='bbox 838 2143 898 2205; x_wconf 84' lang='lat' dir='ltr'>fuit</span> <span class='ocrx_word' id='word_1_122' title='bbox 915 2142 1071 2215; x_wconf 73' lang='lat' dir='ltr'>Christus</span> 
     </span>
     <span class='ocr_line' id='line_1_18' title="bbox 126 2250 1073 2333; baseline 0.002 -24"><span class='ocrx_word' id='word_1_123' title='bbox 126 2268 177 2326; x_wconf 88' lang='lat' dir='ltr'>pro</span> <span class='ocrx_word' id='word_1_124' title='bbox 197 2272 235 2312; x_wconf 94' lang='lat' dir='ltr'>eo</span> <span class='ocrx_word' id='word_1_125' title='bbox 257 2253 346 2333; x_wconf 91' lang='lat' dir='ltr'>quod</span> <span class='ocrx_word' id='word_1_126' title='bbox 371 2251 518 2315; x_wconf 87' lang='lat' dir='ltr'>Christus</span> <span class='ocrx_word' id='word_1_127' title='bbox 542 2250 677 2313; x_wconf 89' lang='lat' dir='ltr'>includit</span> <span class='ocrx_word' id='word_1_128' title='bbox 700 2252 784 2313; x_wconf 90' lang='lat' dir='ltr'>duos</span> <span class='ocrx_word' id='word_1_129' title='bbox 807 2262 994 2331; x_wconf 88' lang='lat' dir='ltr'>conceptus,</span> <span class='ocrx_word' id='word_1_130' title='bbox 1017 2250 1073 2311; x_wconf 87' lang='lat' dir='ltr'>sci·</span> 
     </span>
     <span class='ocr_line' id='line_1_19' title="bbox 127 2354 1072 2441; baseline 0.002 -26"><span class='ocrx_word' id='word_1_131' title='bbox 127 2354 189 2417; x_wconf 81' lang='lat' dir='ltr'>licet</span> <span class='ocrx_word' id='word_1_132' title='bbox 216 2369 411 2441; x_wconf 89' lang='lat' dir='ltr'>conceptum</span> <span class='ocrx_word' id='word_1_133' title='bbox 447 2357 587 2419; x_wconf 86' lang='lat' dir='ltr'>hominis</span> <span class='ocrx_word' id='word_1_134' title='bbox 620 2368 654 2420; x_wconf 88' lang='lat' dir='ltr'>et</span> <span class='ocrx_word' id='word_1_135' title='bbox 688 2367 884 2439; x_wconf 89' lang='lat' dir='ltr'>conceptum</span> <span class='ocrx_word' id='word_1_136' title='bbox 921 2357 1004 2436; x_wconf 89' lang='lat' dir='ltr'>Dei;</span> <span class='ocrx_word' id='word_1_137' title='bbox 1041 2356 1072 2418; x_wconf 93' lang='lat' dir='ltr'>in</span> 
     </span>
     <span class='ocr_line' id='line_1_20' title="bbox 126 2462 1072 2546; baseline 0.003 -25"><span class='ocrx_word' id='word_1_138' title='bbox 126 2462 222 2526; x_wconf 90' lang='lat' dir='ltr'>triduo</span> <span class='ocrx_word' id='word_1_139' title='bbox 242 2477 352 2528; x_wconf 87' lang='lat' dir='ltr'>autem</span> <span class='ocrx_word' id='word_1_140' title='bbox 377 2487 443 2528; x_wconf 94' lang='lat' dir='ltr'>non</span> <span class='ocrx_word' id='word_1_141' title='bbox 479 2466 592 2528; x_wconf 89' lang='lat' dir='ltr'>habuit</span> <span class='ocrx_word' id='word_1_142' title='bbox 626 2473 823 2546; x_wconf 90' lang='lat' dir='ltr'>conceptum</span> <span class='ocrx_word' id='word_1_143' title='bbox 860 2464 1072 2546; x_wconf 83' lang='lat' dir='ltr'>importatum</span> 
     </span>
     <span class='ocr_line' id='line_1_21' title="bbox 126 2569 1073 2654; baseline -0.002 -22"><span class='ocrx_word' id='word_1_144' title='bbox 126 2588 175 2648; x_wconf 88' lang='lat' dir='ltr'>per</span> <span class='ocrx_word' id='word_1_145' title='bbox 196 2570 369 2635; x_wconf 91' lang='lat' dir='ltr'>hominem.</span> <span class='ocrx_word' id='word_1_146' title='bbox 395 2573 440 2635; x_wconf 89' lang='lat' dir='ltr'>Et</span> <span class='ocrx_word' id='word_1_147' title='bbox 463 2594 519 2654; x_wconf 92' lang='lat' dir='ltr'>per</span> <span class='ocrx_word' id='word_1_148' title='bbox 542 2573 681 2634; x_wconf 88' lang='lat' dir='ltr'>eandem</span> <span class='ocrx_word' id='word_1_149' title='bbox 706 2572 792 2633; x_wconf 91' lang='lat' dir='ltr'>viam</span> <span class='ocrx_word' id='word_1_150' title='bbox 820 2579 927 2652; x_wconf 90' lang='lat' dir='ltr'>potest</span> <span class='ocrx_word' id='word_1_151' title='bbox 963 2569 1073 2651; x_wconf 82' lang='lat' dir='ltr'>negari</span> 
     </span>
     <span class='ocr_line' id='line_1_22' title="bbox 124 2677 1073 2762; baseline 0.005 -29"><span class='ocrx_word' id='word_1_152' title='bbox 124 2680 343 2758; x_wconf 69' lang='lat' dir='ltr'>concurrentia,</span> <span class='ocrx_word' id='word_1_153' title='bbox 368 2680 445 2762; x_wconf 90' lang='lat' dir='ltr'>quia</span> <span class='ocrx_word' id='word_1_154' title='bbox 480 2700 524 2741; x_wconf 90' lang='lat' dir='ltr'>ex</span> <span class='ocrx_word' id='word_1_155' title='bbox 559 2678 712 2761; x_wconf 90' lang='lat' dir='ltr'>opposito</span> <span class='ocrx_word' id='word_1_156' title='bbox 747 2677 973 2758; x_wconf 84' lang='lat' dir='ltr'>consequentis</span> <span class='ocrx_word' id='word_1_157' title='bbox 1008 2698 1073 2738; x_wconf 92' lang='lat' dir='ltr'>non</span> 
     </span>
     <span class='ocr_line' id='line_1_23' title="bbox 126 2779 1074 2869; baseline 0.003 -29"><span class='ocrx_word' id='word_1_158' title='bbox 126 2779 248 2846; x_wconf 83' lang='lat' dir='ltr'>infertur</span> <span class='ocrx_word' id='word_1_159' title='bbox 286 2787 474 2869; x_wconf 89' lang='lat' dir='ltr'>oppositum</span> <span class='ocrx_word' id='word_1_160' title='bbox 513 2785 733 2847; x_wconf 89' lang='lat' dir='ltr'>antecedentis</span> <span class='ocrx_word' id='word_1_161' title='bbox 775 2784 978 2866; x_wconf 88' lang='lat' dir='ltr'>simpliciter,</span> <span class='ocrx_word' id='word_1_162' title='bbox 1018 2784 1074 2844; x_wconf 92' lang='lat' dir='ltr'>sed</span> 
     </span>
     <span class='ocr_line' id='line_1_24' title="bbox 124 2890 1042 2973; baseline 0.001 -22"><span class='ocrx_word' id='word_1_163' title='bbox 124 2898 244 2952; x_wconf 87' lang='lat' dir='ltr'>tantum</span> <span class='ocrx_word' id='word_1_164' title='bbox 268 2894 446 2955; x_wconf 89' lang='lat' dir='ltr'>secundum</span> <span class='ocrx_word' id='word_1_165' title='bbox 472 2914 573 2954; x_wconf 90' lang='lat' dir='ltr'>unum</span> <span class='ocrx_word' id='word_1_166' title='bbox 598 2900 805 2973; x_wconf 89' lang='lat' dir='ltr'>conceptum,</span> <span class='ocrx_word' id='word_1_167' title='bbox 829 2890 947 2953; x_wconf 86' lang='lat' dir='ltr'>scilicet</span> <span class='ocrx_word' id='word_1_168' title='bbox 972 2890 1042 2952; x_wconf 89' lang='lat' dir='ltr'>Dei.</span> 
     </span>
    </p>

    <p class='ocr_par' dir='ltr' id='par_1_5' title="bbox 124 2997 1075 3277">
     <span class='ocr_line' id='line_1_25' title="bbox 182 2997 1075 3080; baseline -0.002 -21"><span class='ocrx_word' id='word_1_169' title='bbox 182 2998 239 3060; x_wconf 77' lang='lat' dir='ltr'>Ad</span> <span class='ocrx_word' id='word_1_170' title='bbox 257 3001 430 3063; x_wconf 79' lang='lat' dir='ltr'>secundum</span> <span class='ocrx_word' id='word_1_171' title='bbox 454 3008 544 3080; x_wconf 85' lang='lat' dir='ltr'>patet</span> <span class='ocrx_word' id='word_1_172' title='bbox 559 3020 602 3061; x_wconf 86' lang='lat' dir='ltr'>ex</span> <span class='ocrx_word' id='word_1_173' title='bbox 618 2999 712 3061; x_wconf 86' lang='lat' dir='ltr'>dictis</span> <span class='ocrx_word' id='word_1_174' title='bbox 727 3008 840 3061; x_wconf 86' lang='lat' dir='ltr'>contra</span> <span class='ocrx_word' id='word_1_175' title='bbox 863 2999 990 3060; x_wconf 86' lang='lat' dir='ltr'>tertiam</span> <span class='ocrx_word' id='word_1_176' title='bbox 1008 2997 1075 3077; x_wconf 91' lang='lat' dir='ltr'>opi·</span> 
     </span>
     <span class='ocr_line' id='line_1_26' title="bbox 124 3102 1072 3188; baseline 0.002 -26"><span class='ocrx_word' id='word_1_177' title='bbox 124 3102 257 3178; x_wconf 87' lang='lat' dir='ltr'>nionem,</span> <span class='ocrx_word' id='word_1_178' title='bbox 281 3109 354 3188; x_wconf 91' lang='lat' dir='ltr'>quia</span> <span class='ocrx_word' id='word_1_179' title='bbox 377 3106 483 3169; x_wconf 86' lang='lat' dir='ltr'>forma</span> <span class='ocrx_word' id='word_1_180' title='bbox 517 3127 582 3172; x_wconf 93' lang='lat' dir='ltr'>non</span> <span class='ocrx_word' id='word_1_181' title='bbox 606 3106 685 3169; x_wconf 91' lang='lat' dir='ltr'>dicit</span> <span class='ocrx_word' id='word_1_182' title='bbox 719 3114 822 3168; x_wconf 91' lang='lat' dir='ltr'>totam</span> <span class='ocrx_word' id='word_1_183' title='bbox 858 3105 1072 3186; x_wconf 87' lang='lat' dir='ltr'>quidditatem</span> 
     </span>
     <span class='ocr_line' id='line_1_27' title="bbox 125 3208 639 3277; baseline 0.006 -5"><span class='ocrx_word' id='word_1_184' title='bbox 125 3208 260 3274; x_wconf 88' lang='lat' dir='ltr'>hominis</span> <span class='ocrx_word' id='word_1_185' title='bbox 282 3223 316 3276; x_wconf 91' lang='lat' dir='ltr'>ut</span> <span class='ocrx_word' id='word_1_186' title='bbox 338 3214 421 3277; x_wconf 91' lang='lat' dir='ltr'>ratio</span> <span class='ocrx_word' id='word_1_187' title='bbox 443 3214 639 3276; x_wconf 89' lang='lat' dir='ltr'>assumebat.</span> 
     </span>
    </p>
   </div>
   <div class='ocr_carea' id='block_1_4' title="bbox 555 3428 634 3532">
    <p class='ocr_par' dir='ltr' id='par_1_6' title="bbox 472 3397 634 3532">
     <span class='ocr_line' id='line_1_28' title="bbox 555 3428 634 3532; baseline 0.006 -0.488"><span class='ocrx_word' id='word_1_188' title='bbox 555 3428 634 3532; x_wconf 70' lang='lat' dir='ltr'>a</span> 
     </span>
    </p>
   </div>
   <div class='ocr_carea' id='block_1_5' title="bbox 0 0 1304 4200">
    <p class='ocr_par' dir='ltr' id='par_1_7' title="bbox 0 0 1304 4200">
     <span class='ocr_line' id='line_1_29' title="bbox 0 0 1304 4200; baseline 0 1"><span class='ocrx_word' id='word_1_189' title='bbox 0 0 1304 4200; x_wconf 95' lang='lat' dir='ltr'> </span> 
     </span>
    </p>
   </div>
  </div>
 </body>
</html>
