2600 4200
295 277 483 342 Drsrurcr.
508 276 654 341 XXXIII
678 276 826 359 QUAEST.
849 278 864 342 Ι
1001 295 1061 342 221

129 478 187 543 boc
221 492 257 545 ut
292 482 484 560 facilitetur;
519 484 575 547 sed
610 484 761 547 voluntas
794 492 843 547 est
877 484 1087 564 hujusmodi·;

127 607 211 671 erg0,
234 598 297 652 etc.
328 592 358 653 's
352 592 432 654 ertio
455 592 520 655 sic:
545 592 697 654 voluntas
732 611 798 653 non
820 599 870 653 est
905 590 1009 673 magis
1032 592 1089 654 de-

127 696 294 761 terminata
317 719 418 780 quarn
453 698 632 761 intellectus
668 718 728 760 nec
758 697 865 760 minus
891 697 1088 760 determina-

127 801 193 873 bilis
205 823 214 883 ;
237 806 295 867 sed
321 806 353 869 in
377 805 539 868 intellectu
574 814 744 888 ponuntur
778 804 912 867 virtutes
946 803 1088 867 intellec·

127 910 239 987 tuale53
264 933 346 994 ergo
363 912 395 974 in
410 912 577 974 voluntate
601 921 769 993 ponuntur
784 912 918 975 virtutes
939 912 1086 977 morales

132 1016 249 1093 Quarto
272 1019 337 1081 sic:
362 1020 512 1082 voluntas
536 1019 634 1082 habet
647 1020 796 1082 habiturn
812 1019 855 1082 ad
871 1019 1086 1101 diligendum,

9 1188 11 1205 ,
127 1136 201 1206 puta
224 1126 439 1202 charitatem;
463 1127 520 1189 sed
555 1126 615 1188 ista
642 1136 692 1188 est
714 1124 928 1188 determinata
951 1125 994 1187 ad
1017 1125 1087 1187 dili-

9 1228 11 1235 '
126 1232 230 1313 gibilia
253 1234 339 1295 sicut
361 1234 404 1295 ad
427 1233 509 1310 alia;
533 1253 621 1315 ergo

189 1338 340 1403 Secunda
363 1340 462 1403 etium
482 1340 567 1403 ratio
583 1339 720 1402 trahitur
735 1339 778 1402 ad
794 1340 993 1420 oppositum,
1011 1338 1087 1419 quia

121 1444 177 1507 ubi
199 1456 275 1509 sunt
300 1448 466 1528 passiones
488 1456 520 1509 et
543 1447 775 1520 extremitates,
800 1446 842 1507 ibi
872 1446 1004 1527 ponitur
1027 1445 1088 1508 vir-

124 1560 174 1613 tus
196 1554 287 1635 quod
304 1562 352 1615 est
380 1554 546 1629 medium;
570 1555 626 1616 sed
650 1554 832 1615 secundum
856 1552 1086 1633 Augustinum

120 1676 173 1741 14.
197 1660 322 1723 dcciv.
347 1660 421 1734 Det,
446 1660 609 1741 passiones
631 1670 708 1723 sunt
731 1660 763 1721 in
780 1660 968 1737 voluntate;
993 1678 1083 1741 erg0.

187 1768 244 1829 Ad
265 1767 397 1831 tertiam
423 1778 531 1829 autem
566 1767 725 1829 rationem
748 1766 865 1828 dicitur
889 1765 1083 1847 dupliciter:

119 1872 224 1953 primo
259 1874 471 1937 concedendo
505 1874 762 1955 consequentiszm
775 1897 790 1946 ,·
822 1872 900 1955 quia
935 1873 960 1933 si
997 1872 1088 1935 Deus

125 1991 243 2043 crearet
265 1980 439 2062 Angelum
467 1981 593 2043 nudum
618 1982 650 2042 in
685 1979 774 2062 puris
808 1979 1018 2054 naturalibus,
1043 1978 1087 2041 ita

124 2088 209 2168 quod
233 2109 301 2151 non
318 2086 451 2150 haberet
473 2088 607 2151 virtutes
631 2088 777 2162 morales
793 2086 863 2168 ipse
878 2094 985 2168 potest
1007 2086 1088 2150 tales

125 2193 256 2257 virtutes
279 2189 447 2277 acquirere
469 2215 513 2256 ex
537 2195 647 2257 multis
673 2192 893 2268 electionibus,
919 2214 984 2254 non
1019 2195 1087 2274 qui-

124 2301 196 2363 dem
219 2303 313 2384 quod
336 2311 441 2364 essent
464 2301 523 2364 sibi
560 2301 769 2364 inexistentes
803 2301 886 2362 circa
921 2300 1087 2380 passiones

124 2407 154 2468 in
176 2410 325 2491 appetitu
349 2409 510 2482 sensitivo,
531 2409 588 2470 sed
612 2416 742 2470 tanturn
766 2407 850 2470 circa
874 2406 1038 2488 passiones
1053 2405 1086 2470 in

124 2515 292 2578 universali
317 2524 461 2578 ostensas
476 2536 533 2598 per
548 2515 758 2580 intellectum.
776 2513 885 2575 Aliter
900 2522 1007 2593 potest
1023 2512 1084 2574 dici

125 2623 276 2703 negando
297 2623 569 2704 consequentiam.
595 2621 684 2683 Dato
707 2620 795 2682 enim
819 2620 909 2702 quod
933 2618 1086 2700 Angelus

125 2727 240 2792 habeat
264 2729 297 2790 in
320 2729 488 2792 voluntate
511 2729 654 2802 virtutes,
678 2737 711 2790 et
734 2727 814 2790 tales
848 2725 983 2787 virtutes
1010 2735 1086 2790 sunt

126 2833 154 2896 in
176 2837 345 2898 voluntate
368 2834 546 2916 subjective
579 2836 646 2897 sive
677 2835 709 2896 in
744 2833 891 2915 appetitu
928 2831 1083 2906 rationali,

125 2959 187 3003 uon
211 2951 345 3024 propter
368 2941 432 3004 hoc
455 2951 583 3023 oportet
617 2941 796 3004 concedere
818 2939 909 3021 quod
934 2937 1086 3020 Angelus

125 3055 229 3128 potest
252 3048 418 3130 acquirere
440 3049 520 3112 tales
544 3048 678 3111 virtutes
702 3047 849 3121 morales,
866 3044 987 3108 scilicet
1011 3044 1087 3126 quia

124 3153 222 3218 virtus
246 3165 294 3218 est
318 3155 404 3218 circa
428 3156 551 3218 bonum
576 3154 712 3228 difficile,
737 3153 802 3216 tale
825 3161 936 3215 autem
959 3150 1085 3213 bonum

126 3281 187 3323 non
211 3270 260 3324 est
283 3262 411 3325 difficile
434 3262 528 3324 alicui
559 3263 617 3324 nisi
654 3260 785 3323 habenti
812 3259 994 3341 appetitum
1019 3277 1087 3319 sen·

125 3361 254 3431 sitivum
278 3369 335 3450 qui
370 3377 465 3432 natus
491 3379 540 3432 est
575 3368 699 3431 moveri
722 3368 754 3429 in
779 3366 968 3448 oppositum
1003 3362 1086 3426 illius

125 3475 222 3556 boni;
246 3498 326 3560 crgo
353 3476 408 3558 qui
444 3496 509 3538 non
545 3474 642 3537 habet
677 3472 860 3555 appetitum
895 3469 1084 3533 sensitivum

126 3603 188 3646 non
212 3593 320 3666 potest
344 3583 508 3664 acquirere
532 3581 666 3644 virtutes
692 3580 837 3655 morales,
861 3586 894 3640 et
916 3577 992 3658 quia
1015 3575 1086 3637 An-

125 3689 185 3771 geli
209 3711 275 3754 non
299 3690 420 3766 habent
442 3689 634 3774 appetitum,
659 3688 733 3750 ideo
768 3707 834 3748 non
869 3690 1005 3768 possunt
1032 3701 1085 3744 ac-
