2600 4200
241 794 558 903 Distinotio
596 794 741 903 XVI
781 801 841 906 et
877 794 1068 904 XVII.

237 1048 276 1123 ln
310 1049 566 1147 perfectione
596 1052 738 1127 aulem
774 1048 1089 1128 Poenilen'oiae...

268 1242 360 1302 Circa
383 1244 468 1303 Dist.
492 1246 541 1303 16.
565 1249 596 1303 et
616 1260 666 1320 17.
691 1262 798 1321 quoero
824 1243 904 1303 duas
930 1243 1132 1318 Quaeslzoues.

174 1348 306 1410 Primo*⁸
338 1350 452 1409 Utrum
473 1351 616 1409 remissio
641 1351 740 1428 culpoe
765 1354 796 1409 el
810 1349 929 1426 infusio
940 1352 1058 1429 gratia
1072 1353 1138 1410 sint

174 1475 238 1515 una
261 1456 398 1534 simplex
421 1457 560 1517 mutam.
590 1454 765 1518 Secundo:
798 1457 914 1517 Utrum
938 1458 981 1517 sit
1001 1476 1137 1519 necessa-

174 1563 259 1621 rium
276 1565 435 1639 peccatori
457 1563 503 1623 ad
532 1565 665 1623 salutem
698 1559 843 1637 confiteri
874 1565 980 1623 omnia
1008 1568 1136 1641 peccata

173 1689 232 1729 sua
256 1668 425 1729 Sacerdoti.

522 1856 719 1945 'Quffisuo
748 1862 774 1925 Ι.

286 2005 343 2065 Ad
355 2008 499 2083 pn'mam
526 2006 735 2081 Quoestionem
758 2008 802 2067 sic
819 2008 1001 2085 proceditur
1012 2031 1024 2067 .·

264 2147 412 2210 Videtur
435 2149 527 2229 quod
551 2151 709 2211 remissio
732 2149 844 2230 culpae
868 2158 902 2211 et
930 2153 1053 2231 gratiae
1089 2153 1137 2212 in·

174 2251 266 2316 fusio
288 2257 358 2316 sint
381 2255 460 2316 duae
491 2257 707 2318 mutationes
745 2255 915 2316 Probatio:
950 2253 1136 2318 Generatio

174 2372 209 2422 et
231 2363 405 2442 corruptio
421 2372 501 2424 sunt
516 2362 595 2424 duae
611 2363 819 2425 mutationes
835 2371 975 2443 propter
990 2371 1138 2442 quatuor

175 2470 349 2537 terminos,
374 2468 504 2531 scilicet
527 2469 613 2530 duas
637 2470 849 2549 privationes
883 2479 917 2530 et
951 2469 1038 2530 duas
1065 2467 1137 2562 'for-

174 2593 249 2638 mas
261 2597 269 2648 ;
294 2576 355 2637 sed
378 2577 534 2637 remissio
564 2576 678 2655 culpae
712 2585 764 2636 est
798 2577 971 2656 corruptio
1005 2578 1135 2655 peccati

175 2682 268 2760 quod
291 2680 402 2751 infuit,
427 2692 462 2743 et
484 2679 611 2743 infusio
635 2684 759 2763 gratioe
783 2693 835 2743 est
852 2683 1030 2764 generatio
1045 2701 1137 2762 quae·

175 2788 253 2849 dam
278 2790 311 2851 in
336 2808 412 2850 esse
436 2790 607 2870 gratuito;
632 2808 727 2870 erge.

268 2895 393 2956 Contra.
418 2895 601 2957 Distinctae
618 2897 826 2957 mutationes
842 2895 969 2956 habent
985 2895 1134 2975 aliquem

175 3001 328 3064 ordinem
340 3003 529 3082 prioritatis
540 3011 574 3062 et
589 3002 862 3081 posterioritatis;
890 3001 951 3062 sed
976 3001 1137 3082 expulsio

174 3107 287 3188 culpae
310 3118 344 3169 et
368 3106 494 3170 infusio
518 3109 641 3189 gratiae
666 3127 734 3170 non
759 3108 885 3169 habent
912 3108 1014 3168 talem
1050 3109 1137 3170 ordi·

176 3233 253 3276 nem
277 3217 464 3295 prioritatis
488 3226 522 3276 et
548 3216 833 3294 posterioritatis;
869 3233 963 3296 ergo.
989 3215 1137 3274 Probatio

175 3324 317 3390 minoris,
341 3323 423 3402 quia
449 3324 478 3382 si
495 3321 655 3402 expulsio
671 3321 783 3400 eulpae
800 3330 890 3382 osset
906 3322 999 3401 prior
1015 3331 1138 3382 natura

176 3425 347 3489 infusione
371 3429 503 3510 gratiae,
529 3439 729 3508 sequeretur
753 3428 845 3508 quod
876 3429 911 3488 in
936 3427 995 3487 illo
1029 3429 1135 3507 priori

175 3544 266 3596 esset
290 3537 420 3596 amicus
442 3545 476 3596 et
500 3555 567 3596 non
593 3536 733 3602 amicus,
758 3537 839 3614 quia
863 3553 930 3594 non
947 3533 1137 3615 habetgra·

175 3645 257 3703 tiam
282 3643 357 3703 sine
380 3661 449 3721 qua
472 3642 588 3703 nullus
613 3651 665 3702 est
690 3643 829 3703 amicus.
