2600 4200
233 297 295 358 180
506 288 584 361 Lu.
608 294 656 357 111
680 293 971 358 Ssnrammnun

206 509 330 584 spectat
353 500 394 563 ad
420 500 538 565 Christi
574 488 834 581 conceptionem,
859 499 931 561 ideo
954 498 1087 561 dicitur:
1112 499 1170 580 qui

205 618 384 689 conceptus
418 617 472 671 est
504 608 546 669 de
584 606 707 689 Spiritu
747 605 879 670 Sancto.
916 605 1091 678 Secundus,
1126 606 1170 668 ad

206 714 324 779 Christi
349 714 560 788 nativitatem,
589 714 664 775 ideo
699 713 835 775 dicitur:
861 712 965 774 Natus
988 733 1031 773 ex
1065 711 1170 774 Maria

206 821 351 903 Virgine.
373 822 403 883 T
397 820 507 900 trtius
525 820 567 883 ad
594 820 714 884 Christi
739 819 933 902 passionem,
951 818 1023 881 ideo
1039 818 1169 880 dicitur:

207 928 322 990 Passus
345 928 407 991 sub
437 928 554 989 Pontio
589 927 703 1001 Pilato,
739 924 924 1001 crucifixus,
960 934 1109 988 mortuus
1138 933 1171 987 et

207 1035 361 1117 sepultus.
379 1033 534 1109 Quartus,
552 1034 691 1115 pertinet
707 1034 750 1097 ad
766 1034 957 1096 descensum
977 1033 1019 1093 ad
1042 1030 1174 1107 inferos,

207 1142 280 1203 ideo
315 1141 447 1202 dicitur:
485 1141 663 1203 Descendit
699 1140 741 1203 ad
777 1139 909 1203 inferna.
950 1138 1101 1215 Quintus,
1128 1139 1171 1201 ad

209 1246 326 1312 Christi
351 1246 625 1321 resurrectionem,
650 1247 724 1308 ideo
747 1246 880 1309 dicitur:
904 1246 1014 1308 Tertia
1036 1245 1089 1307 die
1111 1265 1169 1307 res

207 1355 347 1416 surrexit
381 1375 399 1416 a
435 1354 580 1416 mortuis.
608 1352 737 1428 Sextus,
762 1354 805 1415 ad
838 1353 1070 1425 ascensionem,
1098 1352 1175 1413 ideo

207 1460 339 1523 dicitur:
364 1460 510 1523 ascendit
533 1460 577 1521 ad
600 1459 703 1522 coelos
725 1460 816 1522 sedet
838 1457 881 1521 ad
915 1459 1085 1520 dexteram
1110 1457 1171 1519 Dei

208 1566 310 1629 Patris
333 1566 575 1648 omnipotentis.
602 1566 776 1647 Septimus,
794 1574 919 1647 spectat
942 1565 984 1627 ad
1008 1564 1104 1627 finale
1124 1564 1173 1645 ju·

209 1673 339 1748 dicium,
368 1672 441 1735 ideo
475 1673 608 1735 dicitur:
645 1672 721 1734 inde
756 1680 913 1736 venturus
947 1679 996 1734 est
1027 1671 1175 1753 judicare

209 1779 300 1841 vivos
323 1788 355 1841 et
379 1789 534 1842 mortuos.
561 1778 605 1841 Et
628 1779 673 1841 sic
698 1787 787 1861 patet
810 1780 900 1861 quod
924 1787 999 1841 sunt
1019 1786 1173 1860 quatuor-

209 1886 313 1948 decim
338 1886 472 1961 articuli,
486 1886 511 1949 si
534 1886 698 1949 distinctio
714 1886 925 1949 articulorum
945 1895 1094 1948 sumatur
1117 1905 1174 1966 per

210 1992 489 2075 comparationem
513 1993 555 2055 ad
578 1993 709 2056 credita.

277 2095 325 2168 Si
355 2103 482 2167 autem
516 2096 707 2168 dz'str'uctt'o
740 2095 989 2168 articulorum
1027 2107 1176 2162 sumatur

211 2226 267 2287 per
305 2207 584 2288 comparationem
623 2207 666 2270 ad
708 2215 944 2289 componentes
985 2206 1177 2287 symbolum

210 2313 260 2374 vel
285 2333 383 2394 penes
407 2313 640 2394 compositores
664 2313 806 2394 symboli
829 2314 874 2376 sic
897 2322 974 2376 sunt
1000 2311 1179 2376 duodecim

210 2420 389 2481 secundum
426 2440 599 2482 numerum
635 2419 810 2483 duodecim
847 2419 1098 2502 Apostolorum.
1132 2420 1180 2482 Et

211 2525 284 2587 licet
323 2525 373 2586 hic
412 2527 475 2588 sint
511 2527 603 2589 multi
638 2535 671 2589 et
706 2526 824 2589 diversi
856 2527 945 2588 modi
979 2525 1177 2608 assignandi,

212 2653 328 2714 sequor
352 2640 461 2694 tamen
487 2633 623 2696 modum
649 2630 892 2697 Bonaventurae
917 2633 973 2715 qui
996 2635 1070 2715 plus
1097 2631 1177 2695 mihi

213 2740 327 2821 placet,
351 2739 427 2800 dicit
454 2741 540 2801 enim
572 2741 633 2802 sic:
667 2740 757 2822 quod
790 2742 902 2803 Petrus
930 2740 1037 2822 primo
1068 2741 1181 2822 posuit

213 2845 296 2908 hanc
331 2846 540 2927 particulam:
565 2848 663 2910 credo
698 2847 731 2908 in
768 2848 876 2909 Deum
912 2848 1040 2909 Patrem
1075 2846 1181 2911 omui-

212 2961 380 3034 potentem
404 2963 581 3016 creatorem
618 2953 692 3015 coeli
727 2963 759 3015 et
794 2962 898 3016 terrae.
924 2953 1087 3026 Secundo,
1107 2954 1187 3016 An-

213 3059 305 3120 dreas
340 3059 527 3140 sunjunxit:
563 3069 596 3122 et
635 3059 668 3121 in
703 3059 815 3141 Jesum
854 3060 1022 3124 Christum
1057 3059 1184 3123 Filium

213 3165 282 3248 ejus
307 3166 437 3227 unicum
456 3167 637 3228 Dominum
655 3174 813 3228 nostrum.
830 3167 950 3241 Tertio,
964 3167 1106 3247 Joannes
1128 3187 1191 3228 su-

214 3273 412 3354 peraddidit:
449 3273 505 3355 qui
540 3282 718 3355 conceptus
751 3282 800 3336 est
834 3273 875 3335 de
910 3273 1031 3355 Spiritu
1064 3273 1186 3346 santo,

215 3386 309 3441 natus
339 3401 383 3440 ex
417 3379 519 3441 Maria
554 3379 699 3462 Virgine.
725 3377 862 3460 Quarto,
897 3380 1040 3462 Jacobus
1074 3379 1191 3460 major

214 3483 337 3548 intulit:
362 3507 475 3568 passus
506 3487 566 3549 sub
601 3486 718 3548 Pontio
752 3487 855 3548 Pilato
882 3484 1067 3560 crucifixus
1091 3506 1192 3550 mor-

214 3601 291 3654 tuus
324 3602 357 3654 et
391 3593 544 3674 sepultus.
583 3591 717 3674 Quint0,
752 3591 899 3655 Thomas
932 3593 1101 3675 adjunxit:
1123 3595 1196 3658 de-

215 3699 339 3761 scendit
362 3699 403 3761 ad
427 3698 560 3773 inferna,
586 3700 680 3762 tertia
703 3698 755 3761 die
778 3701 955 3762 resurrexit
984 3721 1005 3762 a
1033 3702 1196 3769 mortuis,-
