2600 4200
338 226 527 289 Drs'srxcr.
554 226 607 289 VI
632 226 783 307 Quffls'r.
809 227 843 288 ΙΙ
868 241 914 288 Er
938 226 989 288 111
1086 232 1121 289 81

188 423 267 465 eum
292 414 344 466 est
375 405 477 466 homo
511 424 622 486 capax
659 405 803 467 aliorum
839 414 1147 478 sacramentorum;

188 512 225 571 in
249 511 443 573 charactere
467 523 579 575 autem
604 510 746 574 Ordinis
769 522 823 574 est
850 513 1005 592 potentia
1038 514 1151 573 activa

188 617 233 678 ad
256 617 383 679 multos
407 637 522 680 sacros
537 628 642 680 actus
667 620 701 680 in
725 617 890 680 Ecclesia.
916 617 1021 700 Ergo,

282 725 404 798 Quarto
428 725 497 786 sic:
522 725 698 786 character
721 734 774 787 est
797 726 1002 806 principium
1020 727 1164 804 assimi„

189 830 282 891 landi
306 831 514 912 baptizatum
540 830 676 893 Christo
700 842 734 892 et
758 832 855 893 alteri
879 831 1072 912 baptizato;
1108 833 1151 893 si·

188 936 348 998 militudo
372 946 485 998 autern
509 947 562 998 θεῖ
586 939 700 1000 unitas
723 936 866 998 fundata
892 939 926 998 in
963 936 1147 1017 qualitate;
1190 934 1195 940 ’

188 1061 274 1124 ergo
298 1043 472 1105 character
496 1052 548 1105 est
565 1043 737 1124 -qualitas
773 1053 806 1104 et
841 1063 902 1124 per
936 1062 1150 1123 consequens
1195 1042 1198 1048 ’

188 1147 300 1210 fonna
323 1149 489 1211 absoluta.

279 1255 421 1316 Secunda
444 1259 548 1334 opinio
575 1267 627 1318 est
659 1257 751 1336 quod
778 1257 952 1318 character
980 1257 1025 1317 sit
1040 1254 1150 1317 forma

190 1364 368 1439 respectiva,
397 1363 477 1442 quia
513 1363 556 1423 ad
591 1363 815 1442 quidditatem
851 1363 995 1442 alicujus
1029 1360 1149 1423 formae

189 1468 356 1530 absolutae
380 1487 447 1530 non
479 1471 627 1550 pertinet
661 1468 889 1530 essentialiter
924 1469 1049 1549 aliquis
1083 1487 1151 1531 res·

188 1567 330 1654 pectus;¹
355 1575 416 1636 sed
444 1575 487 1636 ad
514 1575 738 1655 quidditatem
770 1576 975 1636 characteris
1002 1577 1150 1655 pertinet

189 1681 420 1742 essentialiter
444 1681 568 1762 aliquis
580 1691 771 1762 respectus;
789 1701 874 1762 ergo
889 1681 1064 1743 character
1080 1701 1149 1744 non

82 1867 90 1878 ι
188 1797 243 1849 θεῖ
271 1784 382 1849 forma
417 1787 582 1850 absoluta.
611 1788 723 1848 Μήιον
759 1789 923 1868 probatur
960 1807 1021 1868 per
1053 1789 1148 1850 illurn

188 1895 287 1974 cujus
320 1903 373 1955 est
396 1895 594 1974 praeccdens
618 1895 744 1974 opinio.
770 1894 863 1956 Dicit
886 1897 977 1956 enim
1005 1896 1039 1955 in
1072 1893 1150 1956 defi·

189 2001 320 2062 nitione
334 2000 540 2062 characteris
556 2001 648 2080 quod
665 1999 839 2062 character
854 2010 907 2061 est
919 2003 1058 2081 signum
1069 1999 1148 2062 fidei

187 2110 381 2170 communis
396 2118 431 2170 et
447 2127 553 2170 sacrae
566 2109 792 2169 ordinationis
823 2107 985 2177 fidelium,
1010 2110 1148 2190 signum

190 2224 305 2277 autern
330 2224 383 2276 est
406 2214 536 2279 relatio,

279 2320 458 2391 Praeterea,
477 2321 562 2382 nihil
579 2330 630 2382 est
642 2322 837 2400 ponendum
850 2320 1034 2401 perfectius
1046 2340 1148 2401 quam
1226 2386 1233 2401 ,

189 2436 313 2489 natura
335 2430 505 2508 requirat;
531 2427 591 2489 sed
615 2436 737 2489 natura
763 2426 969 2489 characteris
1003 2446 1071 2488 non
1095 2446 1150 2488 ne-

188 2536 338 2595 cessario
362 2536 505 2614 requirit
527 2534 620 2614 quod
651 2533 775 2596 habeat
808 2532 1050 2614 perfectionem
1086 2531 1150 2595 lor-

187 2660 255 2703 mae
280 2640 467 2712 absolutae;
493 2660 577 2722 ergo
601 2659 669 2702 non
693 2650 746 2701 est
770 2638 879 2701 lorrna
902 2641 1068 2702 absoluta.
1087 2642 1150 2700 rili·

188 2768 249 2807 nor
271 2749 445 2828 probatur,
480 2749 562 2828 quia
596 2747 691 2809 nulla
725 2747 766 2808 de
801 2748 992 2809 rationibus
1025 2767 1150 2827 praece·

188 2855 303 2916 dentis
326 2855 498 2934 opinionis
521 2856 616 2936 cogit
648 2872 775 2934 ponere
810 2855 1038 2916 characterem
1074 2873 1149 2916 esse

187 2959 333 3023 formam
358 2960 559 3022 absolutam.

278 3067 392 3128 Prima
417 3087 485 3129 non
510 3068 611 3139 valet,
637 3068 719 3147 quia
735 3068 1000 3145 habetmayhrem
1016 3064 1147 3138 falsam,

189 3175 218 3234 si
244 3172 458 3255 intelligatur
482 3174 524 3235 de
548 3175 640 3235 omni
664 3182 833 3254 respectu,
858 3182 892 3233 et
925 3174 968 3233 de
991 3174 1083 3234 omni
1108 3192 1149 3243 eo

188 3279 282 3359 quod
305 3288 358 3341 est
381 3280 424 3341 ad
448 3278 587 3359 aliquid,
601 3288 654 3353 est
670 3280 760 3341 enirn
785 3288 962 3359 respectus
985 3280 1150 3340 extrinse-

187 3405 250 3448 cus
284 3396 319 3447 et
354 3388 559 3448 intrinsecus
593 3387 791 3457 adveniens,
827 3386 1001 3446 character
1035 3394 1148 3447 autem

187 3494 329 3573 ponitur
358 3503 534 3575 respectus
568 3495 783 3555 extrinsecus
818 3492 1005 3553 adveniens
1038 3502 1072 3552 et
1106 3491 1149 3552 ad

188 3599 279 3661 hunc
302 3609 496 3680 respectum
520 3608 635 3679 potest
658 3618 734 3660 esse
757 3608 880 3660 motus.
