2600 4200
236 250 299 310 270
472 230 546 291 Lm.
572 229 623 290 IV
649 228 955 291 Saureurmnuu

212 412 304 492 quod
329 410 445 471 nullus
468 419 583 489 potest
606 409 748 469 alterius
772 428 842 469 rem
867 409 1023 490 obligare
1039 410 1106 470 nisi
1130 410 1175 469 dc

211 537 381 580 consensu
406 518 479 597 cjus
502 518 599 596 cujus
621 527 684 576 est.
710 514 781 577 Sed
803 535 947 596 corpora
963 528 1080 577 nostra
1095 518 1174 597 jure

212 626 395 685 creationis
419 633 498 684 sunt
522 622 608 693 Dei;
633 642 718 703 ergo
742 642 809 683 non
833 642 1018 703 possumus
1034 643 1075 684 ea
1090 624 1174 683 obli·

212 751 297 813 gare
324 732 388 792 nisi
413 732 455 791 de
478 722 747 791 consensu'Dei.
777 728 846 790 Sed
885 732 918 789 in
954 732 1173 791 matrimonio

215 838 414 918 obligantur
437 856 599 916 corpora;
625 856 710 917 ergo
745 846 880 915 oportet
914 837 1005 916 quod
1036 834 1095 896 fiat
1131 838 1174 897 de

213 965 382 1006 consensu
407 944 483 1012 Dei,
509 954 543 1003 ct
574 963 634 1022 per
669 961 882 1022 consequens
917 944 1171 1005 matrimonium

212 1052 278 1114 fuit
302 1054 496 1113 institutum
521 1072 541 1111 a
565 1050 649 1111 Deo,
676 1049 768 1111 Hinc
792 1050 952 1111 scribitur
972 1050 1084 1111 illaria.
1102 1070 1170 1126 ro:

212 1180 299 1240 quos
324 1160 419 1219 Deus
442 1159 621 1239 conjunxit
645 1159 748 1217 homo
772 1176 839 1217 non
858 1168 1001 1237 separet.
1020 1158 1171 1237 loquitur

212 1268 258 1327 ibi
284 1266 442 1329 Christus
466 1267 508 1326 dc
531 1265 771 1345 conjunctione
795 1265 1046 1325 matrimoniali.

300 1480 363 1543 De
385 1478 568 1542 secunda
596 1477 877 1550 Cortclrret’onc,
902 1478 1032 1539 scilicet
1047 1480 1171 1557 quando

211 1587 275 1648 luit
300 1589 504 1651 institutum,
530 1585 612 1645 dicit
636 1604 704 1645 una
727 1586 843 1664 opinio
875 1586 966 1665 quod
1002 1588 1171 1646 matrimo-

213 1696 306 1756 nium
332 1695 448 1753 datum
474 1702 527 1751 cst
551 1692 584 1751 in
610 1690 757 1751 officium
789 1702 822 1751 et
847 1692 962 1753 datum
988 1704 1040 1753 est
1064 1695 1098 1753 in
1122 1713 1171 1753 re

211 1803 382 1872 medium;
407 1801 514 1859 etsie
544 1798 674 1878 duplex
709 1809 761 1858 cst
794 1799 867 1877 ejus
901 1800 1081 1868 institutio
1107 1822 1169 1859 una

213 1921 291 1971 ante
315 1908 449 1986 lapsum
473 1905 609 1985 quando
633 1906 750 1965 datum
774 1916 826 1965 est
857 1907 1110 1967 matrimonium
1136 1909 1170 1967 in

213 2015 371 2081 officium,
395 2016 460 2072 alia
484 2024 563 2092 post
587 2013 721 2091 lapsum
746 2012 881 2092 quando
916 2014 1169 2075 matrimonium

212 2125 328 2186 datum
353 2132 405 2182 est
429 2122 463 2181 in
488 2120 684 2182 remedium.

307 2231 421 2290 Conna
445 2230 499 2287 hoc
523 2229 689 2307 objicitur,
715 2229 795 2306 quia
818 2229 932 2287 omnia
959 2238 1172 2288 sacramenta

212 2335 396 2398 efficaciam
420 2336 546 2396 habent
570 2355 590 2394 a
613 2331 782 2414 sanguine
803 2331 928 2394 Christi
953 2345 986 2394 et
1010 2337 1170 2413 passione

213 2455 251 2504 ut
274 2443 429 2504 exhibita
453 2441 507 2502 vel
531 2443 720 2522 promissa;
746 2441 806 2500 sed
830 2443 858 2500 si
883 2449 993 2500 status
1014 2443 1172 2502 innocen-

213 2553 271 2611 tiae
296 2550 550 2629 permansisset,
575 2550 691 2628 passio
716 2547 841 2608 Christi
856 2567 922 2608 non
939 2545 1061 2608 fuisset
1077 2549 1171 2610 exhi-

212 2658 303 2727 bita;
329 2675 422 2735 crgo.
449 2691 489 2698 —-
515 2654 592 2715 Hoc
617 2674 684 2714 non
709 2654 875 2724 obstante,
903 2654 1083 2715 dicendum
1118 2665 1172 2716 est

212 2774 252 2823 ut
274 2764 380 2843 prius,
406 2762 496 2840 quod
520 2762 727 2821 matrimonii
752 2760 880 2840 duplex
904 2759 968 2822 fuit
999 2762 1172 2822 institutio

215 2871 304 2930 sicut
327 2878 459 2948 ponunt
483 2869 613 2947 antiqui
639 2867 816 2927 Doctores.
842 2867 914 2927 Nec
938 2868 1030 2928 valet
1054 2871 1173 2928 inslan·

214 2978 267 3041 rr'a,
296 2976 377 3054 quia
400 2975 455 3034 hic
479 2976 604 3053 quaerit
627 2974 764 3053 quando
788 2974 830 3033 de
856 2971 946 3034 facto
980 2975 1048 3033 sine
1070 2977 1174 3034 condi-

213 3084 312 3149 tione;
335 3083 370 3141 in
394 3082 558 3141 instantia
580 3090 694 3140 autem
719 3082 882 3160 accipitur
898 3079 1004 3141 altera
1019 3083 1173 3160 praemis·

213 3207 327 3248 sarum
351 3207 421 3246 cum
446 3189 625 3253 condz'izbne,
656 3188 732 3247 ideo
748 3207 814 3247 non
832 3195 945 3266 potest
962 3185 1077 3247 inferri
1093 3206 1175 3249 con-

213 3295 322 3355 clusio
346 3295 387 3354 de
419 3292 509 3354 facto
544 3296 617 3354 sine
651 3295 855 3362 conditione,
880 3295 962 3374 quia
995 3294 1175 3356 conclusio

213 3419 348 3480 semper
371 3411 463 3460 tenct
490 3419 526 3460 se
561 3419 637 3460 curn
673 3401 851 3480 praemissa
884 3400 1051 3470 debiliori,
1075 3421 1118 3459 ex
1141 3421 1170 3462 r.

213 3507 320 3566 Prior.
346 3505 413 3566 Vol
436 3517 550 3588 potest
574 3507 639 3567 dici
666 3508 764 3567 aliter
787 3507 878 3585 quod
902 3508 936 3567 in
953 3507 1172 3569 matrimonio

212 3612 281 3672 duo
305 3623 395 3683 sunt,
421 3614 551 3673 scilicet
579 3623 774 3674 contractus
800 3614 1004 3674 matrimonii
1030 3621 1064 3674 et
1087 3614 1176 3676 obli·
