2600 4200
343 158 531 221 Drsrluc‘r.
557 158 650 221 XIII
675 158 825 239 QuAEs'r.
850 160 901 221 111
1021 166 1076 223 181

142 339 230 399 sicut
255 337 297 397 ab
321 339 462 399 introitu
487 337 607 399 Missae
620 358 730 418 usque
747 339 789 399 ad
806 336 1048 420 Evangeliurn‚
1066 349 1109 400 ut,

142 444 357 507 dictumest.

232 551 292 616 Illa
316 561 430 612 autem
453 570 533 631 quae
562 559 720 631 spectant
753 552 796 613 ad
831 560 987 613 ornatum
1022 560 1106 613 sunt

142 667 283 737 septem.
302 658 412 718 Primo
427 658 658 719 calceamenta
673 677 751 738 quae
773 659 967 739 respiciunt·
975 657 1103 723 Christi
1195 698 1220 702 --

140 765 399 826 humanitatem.
425 765 574 833 Secundo,
602 766 749 828 amictus
772 767 807 825 in
831 767 953 846 capite,
972 768 1030 846 qui
1054 785 1107 827 re-

141 879 329 950 praesentat
352 870 478 933 Christi
503 872 729 933 divinitatem.
764 873 873 939 Tertio,
894 873 1003 933 vestis
1026 871 1107 932 alba

141 997 220 1058 quae
232 987 456 1057 repraesentat
472 980 656 1058 puritatem
672 988 706 1039 ct
722 980 950 1039 innocentiam
963 976 1103 1041 Christi.

145 1085 266 1159 Quarto
290 1104 375 1147 zona
398 1104 477 1165 quae
500 1095 734 1169 repraesentat·
745 1086 914 1167 justitiam
942 1095 976 1146 et
999 1086 1107 1165 aequi·

140 1201 255 1253 tatem.
283 1192 402 1266 Quinto
424 1193 621 1272 manipulus
643 1193 702 1272 qui
721 1200 943 1272 repraesentat
960 1194 994 1253 in
1011 1193 1104 1253 bono

140 1300 439 1378 perseverantiam.
466 1298 563 1358 Sexto
587 1298 677 1360 stola
701 1301 734 1359 in
757 1298 857 1359 collo¹
878 1318 957 1379 quaa
981 1317 1107 1379 reprae·

141 1414 254 1465 sentat
276 1405 503 1467 humilitatem
528 1416 563 1469 et
591 1405 830 1487 obedientiam.
867 1404 1013 1483 Septimo,
1052 1424 1105 1466 ca-

139 1510 215 1572 sula
226 1530 305 1591 quae
328 1521 552 1592 repraesentat
564 1512 741 1573 charitatis
753 1512 1010 1581 abundantiam.
1026 1514 1105 1592 ipsa

140 1618 644 1709 enim--operitumultitudinem
669 1628 896 1698 peccatorum.

230 1726 307 1785 Alia
331 1744 410 1806 quae
433 1734 650 1794 concurrunt.
675 1743 754 1805 quae
778 1734 934 1805 spectant
951 1725 993 1786 ad
1028 1744 1106 1805 pro-

140 1850 275 1892 cessum
299 1830 420 1893 Missae
444 1842 525 1894 sunt
549 1840 695 1911 septem:
722 1832 841 1898 Primo,
871 1830 1037 1895 Introitus
1060 1830 1107 1892 si-

140 1936 310 2019 gnificans
332 1938 538 2003 desiderium
563 1938 704 2000 Patrum
728 1940 818 1999 circa
834 1937 960 2000 Christi
978 1940 1106 2000 adven-

139 2054 222 2107 tum.
252 2045 402 2113 Secundo,
440 2044 553 2127 Kyrie
587 2045 716 2108 eleison
752 2045 844 2126 quod
878 2054 1105 2126 repraesentat

139 2171 203 2232 pro
226 2153 346 2214 eodem
358 2161 511 2232 tempore
528 2152 796 2215 misericordiam
813 2151 877 2214 Dei
896 2153 1102 2224 invocatam;

140 2277 218 2320 nam
242 2259 344 2336 Kym'e
365 2260 478 2318 eleison
503 2258 592 2320 idem
609 2259 770 2340 estquod
787 2260 923 2319 Domine
939 2261 1097 2326 miserere,

138 2375 173 2427 et
196 2367 363 2446 repetitur
385 2383 511 2427 novem
535 2366 670 2427 vicibus
693 2383 770 2426 cum
800 2365 923 2425 Christe
937 2367 1050 2426 eleison
1063 2375 1103 2428 ut

138 2491 200 2552 per
222 2472 489 2534 misericordiam
525 2471 590 2534 Dei
625 2473 795 2533 sociemur
829 2491 952 2534 novem
987 2472 1103 2534 choris

139 2577 351 2660 angelorum.
385 2579 487 2640 Tertzh
518 2578 693 2659 sequitur:
730 2576 849 2641 Gloria
884 2581 918 2640 in
953 2579 1103 2640 excelsis

138 2685 225 2757 De0‚
250 2685 293 2746 ad
316 2686 632 2767 repraesentandum
656 2686 823 2767 hymnum
848 2705 949 2766 quem
968 2686 1099 2768 Angeli

138 2792 276 2854 Christo
300 2801 381 2854 nato
403 2795 609 2855 cecinerunt.
637 2793 760 2867 Quarto
794 2803 984 2872 sequuntur
1019 2791 1103 2856 Ora-

137 2901 251 2962 tiones
273 2919 360 2981 quas
384 2898 542 2962 Christus
564 2910 645 2980 post
661 2901 875 2962 nativitatem
893 2918 955 2980 pro
972 2900 1102 2980 populo

138 3006 181 3067 ad
205 3005 343 3068 Patrem
366 3004 464 3071 fudit.
500 3007 619 3081 Quinto
653 3007 793 3086 ponitur
828 3005 987 3087 Epistola
1021 3026 1101 3087 quae

137 3122 363 3194 repraesentat
400 3122 537 3192 tempus
557 3113 655 3192 Joan.
682 3113 850 3192 Baptistae
875 3123 953 3174 ante
988 3112 1103 3175 Chris·

137 3230 221 3281 tum.
247 3220 345 3280 Sexto
367 3221 506 3299 ponitur
529 3218 712 3290 Graduale,
729 3230 764 3281 et
780 3217 953 3300 significat
976 3219 1103 3280 lamen-

137 3336 210 3387 tum
235 3327 459 3409 poenitentiae.
485 3328 566 3406 quia
586 3326 738 3406 Joannes
753 3328 990 3407 poenitentiam
1007 3335 1103 3406 'prae·

137 3433 274 3494 dicabat
286 3433 363 3494 Luc.
374 3452 407 3510 3,
421 3433 558 3510 Septimo
574 3434 713 3514 ponitur
730 3433 892 3514 Alleluja,
918 3435 998 3513 quia
1021 3443 1102 3513 post

136 3538 266 3601 luctum
284 3539 386 3619 hujus
402 3541 485 3600 vitae
502 3541 656 3620 sequitur
676 3541 865 3601 consolatio
881 3541 1100 3619 sempiterna.
