2600 4200
14 179 285 273 *mom
448 195 522 256 Lu.
549 194 600 254 IV
625 191 932 256 Suurnnrmnun

199 383 290 444 turzoe,
319 394 412 435 error
434 375 627 442 conditionis,
657 382 691 433 et
714 391 807 432 error
822 377 995 431 contractus
1011 370 1070 432 vel
1086 390 1170 432 con-

199 501 320 543 sensus
344 480 613 548 matrimonialis
642 489 726 559 puta
759 478 897 558 quando
932 478 1018 538 alter
1048 479 1167 558 conju-

199 607 281 669 gum
306 587 476 647 contrahit
500 587 613 647 animo
626 583 783 664 simplici,
797 584 883 645 alter
895 602 976 644 vcro
988 584 1165 644 contrahit

199 694 316 755 dolose
340 703 440 754 utens
463 693 578 753 verbis
602 703 636 753 et
659 692 771 772 signis
795 692 869 752 sine
893 692 1006 752 animo
1030 702 1166 753 contra-

199 801 311 862 hendi.
326 837 367 844 —
385 799 460 860 Hac
474 799 693 860 distinctione
705 799 885 877 praemissa
896 798 973 858 dico
985 798 1029 857 ad
1042 795 1165 878 Quaes·

200 907 326 968 tionem
366 916 512 985 quatuor
546 904 800 966 Conclusiones.
837 903 950 964 Primo
985 913 1038 965 est
1069 903 1167 984 quod

200 1032 292 1072 error
314 1031 470 1092 personae
495 1011 637 1090 impedit
661 1011 914 1071 matrimonium
947 1011 1013 1072 nisi
1045 1030 1164 1090 super·

197 1121 314 1180 veniat
337 1137 533 1179 consensus.
560 1117 702 1176 Secundo
726 1117 910 1185 conclusio,
942 1117 1037 1196 quod
1067 1135 1166 1176 error

200 1223 345 1286 lortunae
371 1244 437 1286 non
462 1225 604 1303 impedit
638 1225 902 1285 matrimonium.
946 1225 1051 1282 Tertio
1083 1242 1163 1285 con·

200 1331 318 1400 clusi0,
343 1331 436 1410 quod
459 1349 553 1391 error
575 1329 781 1390 conditionis
815 1327 958 1408 impedit
989 1331 1164 1390 matrimo-

200 1438 304 1498 nium.
333 1437 457 1512 Qoarto
480 1435 664 1505 conclusio
689 1437 781 1514 quod
797 1454 958 1495 erroneus
971 1454 1162 1496 consensus

200 1543 343 1622 impedit
366 1542 629 1603 matrimonium.

290 1650 402 1708 Primo
432 1649 591 1708 Conclusio
614 1648 793 1727 probatur:
819 1645 1015 1709 Consensus
1051 1648 1166 1726 sequi·

201 1765 257 1816 tur
279 1756 510 1836 cognitionem
534 1755 721 1816 secundum
739 1754 977 1835 Augustinum
990 1754 1161 1814 dicentem

201 1861 292 1941 quod
316 1862 428 1922 invisa
451 1861 595 1940 diligero
618 1879 812 1940 possumus
837 1860 1164 1940 incognita'nequa-

201 1987 321 2047 quam3
346 1986 429 2048 ergo
453 1967 511 2046 qui
536 1967 708 2028 consentit
730 1967 764 2026 in
778 1985 856 2027 eum
873 1966 914 2026 de
931 1985 1000 2045 quo
1017 1966 1160 2046 cogitat,

201 2075 262 2137 sed
285 2073 425 2135 credens
449 2074 539 2135 hunc
563 2091 638 2134 esse
662 2072 777 2141 alium,
790 2073 832 2136 de
849 2074 916 2134 isto
928 2091 997 2133 non
1013 2074 1160 2154 cogitat;

201 2200 284 2262 ergo
309 2182 343 2241 in
368 2182 434 2241 isto
458 2199 525 2240 non
557 2181 736 2241 consentit.
773 2177 843 2240 Sed
877 2180 910 2239 in
943 2179 1163 2240 matrimonio

201 2287 393 2348 necessario
416 2286 600 2365 requiritur
622 2304 826 2356 consensus;
851 2304 935 2367 ergo
958 2294 1097 2346 nonest
1114 2286 1161 2347 ibi

201 2392 463 2455 matrimonium.

291 2499 432 2558 Secmzdo
461 2498 629 2567 Conclusio,
659 2499 818 2559 videlicet
849 2498 942 2578 quod
975 2517 1070 2559 error
1098 2496 1166 2558 for-

202 2614 295 2667 tunae
320 2622 387 2664 non
410 2603 553 2683 impedit
577 2606 840 2673 matrimonium,
859 2606 948 2665 sicut
963 2624 1057 2665 error
1072 2604 1163 2666 circa

202 2710 488 2790 pulchritudinem
513 2710 568 2770 vel
592 2711 731 2771 divitias
755 2719 789 2770 et
812 2709 958 2771 honores
981 2720 1016 2771 et
1049 2709 1166 2790 hujus·

202 2816 304 2885 modi,
329 2817 410 2895 quia
434 2815 547 2877 nullus
564 2836 658 2877 error
669 2817 811 2895 impedit
822 2817 1076 2877 matrimonium
1093 2798 1161 2877 nisi

203 2923 296 2984 solus
321 2923 377 2983 ille
401 2924 458 3002 qui
484 2932 536 2984 est
559 2924 601 2983 de
625 2934 780 3003 respectu
804 2941 921 2984 eorum
937 2942 1016 3003 quae
1029 2932 1110 2984 sunt
1127 2923 1163 2983 in

202 3030 418 3091 matrimonio
446 3029 658 3102 essentialia;
694 3030 754 3090 sed
787 3031 878 3091 bona
912 3028 1059 3091 fortunae
1093 3048 1163 3091 non

203 3144 283 3197 sunt
306 3136 501 3197 essentialia
525 3137 559 3196 in
584 3137 816 3208 matrimonio;
842 3137 950 3217 igitur
976 3154 1070 3197 error
1099 3134 1165 3197 ior·

203 3252 296 3303 tunae
321 3261 389 3302 non
413 3243 555 3322 impedit
578 3244 842 3303 matrimonium.

300 3349 331 3409 T
325 3350 405 3407 ertia
433 3350 601 3417 Conclusio,
624 3349 716 3429 quod
731 3366 825 3410 error
840 3349 1055 3418 conditionis,
1073 3349 1165 3411 sicut

204 3464 256 3515 est
280 3455 438 3525 servitus,
463 3456 598 3535 quando
621 3456 782 3517 videlicet
798 3456 876 3535 quis
891 3455 999 3517 credit
1014 3454 1164 3535 aliquem'

204 3580 280 3622 esse
303 3561 446 3622 liberum
470 3571 505 3622 et
532 3571 585 3624 est
619 3580 751 3631 servus,
787 3562 865 3623 talis
900 3564 1039 3641 inquam
1071 3578 1168 3623 error
