2600 4200
290 914 611 1023 Distinetio
651 914 867 1023 XXVI.

290 1166 365 1243 Est
394 1169 539 1243 autom
572 1188 675 1263 spes
706 1167 890 1245 virtue...

222 1286 315 1353 Circa
338 1288 425 1351 fratrc
447 1288 701 1352 Distinctionem
725 1288 778 1353 26.
803 1290 964 1373 quaeritur

479 1448 657 1529 QoAEsrm
681 1450 704 1512 l.

138 1603 269 1747 afim
285 1622 348 1677 spes
376 1608 415 1662 slt
436 1606 528 1661 virtus
555 1606 718 1679 theologlea
744 1608 879 1663 dlstlneta
908 1626 928 1664 a
953 1610 1008 1666 llrle
1036 1612 1068 1665 et

125 1704 138 1744 e
192 1697 258 1750 tate.

181 1839 223 1901 Et
251 1842 378 1905 videtur
409 1845 515 1925 primo
550 1844 640 1928 quod
676 1843 807 1910 nonsit
846 1844 956 1917 virtus»,
991 1845 1068 1925 quia

128 1944 203 2007 nulla
224 1948 322 2011 virtus
345 1959 394 2013 est
418 1951 524 2033 passio
550 1973 592 2013 ex
614 1970 645 2014 2.
670 1949 807 2023 Erln'c.,·
839 1951 895 2012 sed
923 1972 996 2032 spes
1022 1960 1071 2013 est

127 2052 235 2130 passim
258 2076 348 2139 ergo,

183 2177 209 2221 2.
232 2163 399 2239 Praeterea,
424 2166 552 2229 videtur
576 2167 667 2248 quod
682 2185 747 2228 non
770 2165 812 2227 sit
834 2165 935 2226 virtus
947 2165 1069 2228 theolo-

126 2263 197 2342 gica,
218 2269 290 2349 quia
315 2271 472 2334 medietas
496 2274 636 2335 duarum
662 2271 859 2334 malitiarum
893 2281 942 2333 est
965 2272 1067 2334 virtus

125 2373 276 2438 cardinalis
290 2397 356 2438 non
369 2377 571 2461 theologica:
585 2379 641 2441 sed
655 2399 729 2460 spes
748 2387 796 2440 est
811 2378 912 2439 virtus
928 2379 1067 2440 duarum

126 2479 314 2557 malitiarum,
339 2484 416 2565 quia
439 2495 487 2548 est
510 2485 667 2548 medietas
679 2485 761 2547 inter
777 2485 1068 2566 praesumptionem

124 2592 152 2643 et
172 2585 440 2669 desperationem
463 2611 543 2674 ergo
566 2612 640 2674 spes
663 2601 712 2653 est
734 2591 836 2653 virtus
852 2592 1021 2655 cardinalis
1036 2603 1069 2653 et

126 2709 182 2753 non
193 2694 381 2779 theologica.

202 2816 228 2878 3.
251 2804 421 2877 Praeterea,
445 2804 571 2866 videtur
602 2805 693 2887 quod
717 2825 783 2866 non
818 2805 858 2866 sit
892 2805 994 2867 virtus
1024 2805 1069 2866 di-

124 2901 224 2969 stincta
244 2931 265 2970 a
290 2909 447 2973 charitate
463 2919 496 2972 et
512 2911 584 2986 fide,
602 2912 679 2993 quia
702 2911 769 2973 duo
792 2909 1001 2992 perfectibilia
1025 2932 1069 2972 rc-

124 3021 221 3089 spectu
254 3015 401 3097 ejusdem
437 3016 555 3098 objecti
587 3037 725 3080 numero
760 3017 952 3079 sufficienter
976 3017 1069 3098 perfi-

124 3113 235 3182 ciuntur
257 3143 315 3203 per
338 3122 420 3185 duas
454 3122 684 3203 perfectiones;
709 3125 765 3185 sed
796 3122 828 3185 in
852 3125 961 3186 anima
993 3135 1069 3185 sunt

124 3220 181 3284 duo
201 3227 415 3306 perfectibilia,
429 3229 547 3293 scilicet
571 3231 751 3293 intellectus
763 3239 795 3291 et
818 3232 978 3304 voluntaS,
992 3252 1068 3311 quae

125 3331 281 3410 respiciunt
292 3335 389 3408 idem,
414 3336 534 3398 scilicet
548 3338 657 3399 Deum
669 3356 675 3411 ;
700 3357 780 3418 ergo
793 3338 987 3399 sufficienter
999 3357 1068 3417 per-

125 3429 259 3501 ficiuntur
281 3463 338 3523 per
362 3443 444 3504 duas
468 3441 689 3524 perfectiones,
715 3443 780 3507 Sed
805 3444 874 3505 istae
899 3442 1067 3524 perfectio·

126 3557 174 3602 nes
193 3555 261 3608 sunt
283 3547 363 3611 fides
375 3557 409 3611 et
431 3548 586 3612 charitas:
612 3570 691 3631 ergo
716 3570 781 3611 non
795 3559 924 3631 oportet
948 3569 1068 3629 ponere

125 3663 204 3726 Spem
225 3653 407 3717 distinctam
431 3676 451 3718 a
475 3653 539 3717 fide
562 3665 594 3716 et
619 3655 784 3717 charitate.
