2600 4200
228 245 288 286 212
463 226 539 285 Lrss.
565 222 616 285 IV
641 222 948 287 Sauraurrnuuu

203 414 311 465 nestae
336 405 371 464 in
393 403 547 464 moribus
570 410 710 484 propter
740 404 965 464 reverentiam
1000 382 1168 482 majorem

200 511 238 570 in
261 511 480 589 suscipiendo
504 508 735 579 Sacramenta,
753 529 839 589 quas
856 510 1094 571 observantias
1111 510 1172 571 ad-

201 617 253 679 dit
276 616 433 677 Ecclesia
456 602 546 678 ultra
564 616 622 696 jus
645 609 801 677 divinum
826 616 1001 696 scriptum.

291 724 349 783 Ad
361 724 557 801 propositum
581 741 673 801 pono
707 732 777 784 tres
811 721 1067 785 Conclusiones.
1093 722 1169 783 Pri-

201 851 264 896 ma,
292 830 385 910 quod
408 827 579 890 confessio
602 848 671 890 non
695 830 786 891 cadit
813 830 877 890 sub
911 838 1085 910 praecepto
1121 827 1169 890 le·

202 939 259 1017 gis
283 946 425 997 naturae.
451 936 602 1002 Secunda,
638 936 730 1015 quod
765 932 935 997 confessio
970 954 1038 996 non
1073 934 1168 997 cadit

203 1044 268 1104 sub
292 1047 466 1123 praecepto
489 1044 640 1122 positivo
668 1041 908 1105 ecclesiastico.
943 1038 1047 1101 Tertio
1071 1042 1168 1121 quod

202 1148 375 1211 confessio
398 1138 490 1210 cadit
514 1149 578 1210 sub
602 1158 776 1229 praecepto
800 1150 950 1227 positivo
974 1148 1102 1209 divino.

250 1281 253 1286 ·
292 1255 405 1316 Prima
434 1256 595 1316 Catulario
618 1256 792 1335 probatur,
817 1256 899 1335 quia
929 1256 956 1316 si
993 1252 1169 1317 confessio

137 1416 141 1423 .
202 1373 295 1424 esset
319 1362 383 1423 sub
406 1367 580 1442 praecep'to
604 1362 695 1443 legis
719 1372 861 1431 naturae,
886 1372 967 1423 tunc
992 1362 1059 1423 ista
1081 1360 1169 1423 obli·

203 1471 300 1550 gatio
316 1466 437 1531 inisset
453 1487 515 1548 pro
536 1480 689 1549 ternpore
705 1469 938 1548 cujuscunque
955 1468 1055 1548 legis,
1071 1468 1167 1548 qnod

201 1585 255 1636 est
277 1573 423 1647 falsum;
449 1576 556 1656 igitur
579 1570 749 1636 confessio
775 1574 841 1637 non
866 1575 957 1636 cadit
992 1575 1056 1636 sub
1079 1593 1170 1655 prae·

201 1694 302 1762 cepto
325 1682 415 1763 legis
439 1693 580 1743 naturae.

291 1787 419 1851 Contra
442 1790 544 1849 istam
574 1788 836 1850 Conclusionem
872 1788 1050 1868 objicitur:
1077 1786 1168 1849 Haec

200 1907 255 1957 est
279 1904 360 1956 nota
383 1896 593 1965 naturaliter,
618 1895 711 1975 quod
736 1895 880 1975 quilibet
903 1914 982 1955 reus
993 1895 1094 1956 debet
1114 1895 1170 1975 ju·

200 2002 316 2063 dicari.
342 2000 456 2063 Etiam
480 2013 533 2063 est
557 2012 675 2063 notum
701 2002 901 2075 naturaliter
931 2002 1023 2081 quod
1048 2001 1169 2063 nullus

202 2110 303 2171 debet
326 2128 402 2170 esse
423 2110 531 2190 judex
555 2111 589 2170 in
621 2128 725 2170 causa
759 2110 907 2189 propria,
943 2128 1027 2190 ergo
1063 2109 1169 2170 debet

197 2217 341 2296 judicari
367 2235 428 2296 per
451 2216 575 2287 alium;
602 2214 662 2275 sed
687 2233 754 2276 non
789 2219 902 2295 potest
923 2215 1068 2296 judicari
1103 2235 1170 2296 per

201 2323 305 2384 aliurn
332 2324 396 2384 nisi
423 2333 620 2394 accusetur;
646 2324 674 2382 si
703 2332 816 2383 autem
851 2331 1028 2402 peccatum
1063 2341 1165 2384 suum

200 2439 254 2490 est
277 2428 459 2498 occultum,
484 2448 552 2490 non
576 2438 692 2508 potest
716 2431 866 2490 accusari
892 2429 956 2490 nisi
982 2449 1002 2488 a
1025 2431 1165 2512 seipso;

200 2555 286 2616 ergo
309 2536 410 2596 debet
433 2537 584 2614 seipsum
609 2553 770 2596 accusare
794 2535 889 2597 alteri
923 2555 943 2595 a
977 2554 1046 2615 quo
1076 2535 1168 2615 judi-

200 2652 305 2703 cetur.
332 2641 401 2703 Sed
425 2642 537 2723 magis
561 2652 614 2703 est
638 2661 825 2703 consonum
851 2643 985 2710 rationi,
1011 2642 1103 2723 quod
1128 2644 1164 2704 in

201 2759 333 2810 secreto
357 2767 395 2809 se
419 2759 555 2809 accuset
579 2768 681 2828 quarn
707 2751 740 2808 in
765 2749 913 2828 publico,
931 2751 959 2809 si
985 2757 1163 2828 peccatum

203 2865 257 2916 est
280 2855 462 2923 oecultum.
488 2865 522 2915 et
555 2865 637 2916 tunc
672 2854 755 2916 nulli
792 2855 1030 2916 rationabilius
1060 2875 1163 2936 quarn

203 2961 391 3022 Sacerdoti.
419 2999 459 3005 —
484 2964 541 3021 Ad
562 2964 653 3020 istam
680 2964 871 3028 instantium,
892 2961 1042 3022 concedo
1057 2963 1167 3022 deduc*

201 3071 323 3135 runem,
352 3071 434 3147 quia
457 3071 522 3130 iste
542 3053 748 3148 judicandus
771 3079 823 3130 est
841 3068 883 3128 ab
900 3069 982 3140 ali0;
1001 3068 1061 3129 sed
1085 3070 1164 3148 quis

200 3183 253 3236 est
277 3175 335 3235 ille
359 3175 447 3236 alius
471 3195 538 3235 non
564 3186 617 3235 est
641 3185 758 3236 notum
783 3193 844 3254 per
867 3177 1034 3236 rationem
1069 3183 1166 3236 riatu-

200 3282 317 3350 ralem,
343 3284 407 3342 nisi
433 3283 474 3342 de
499 3281 574 3342 Deo
598 3273 658 3362 qui
682 3291 733 3342 est
757 3283 941 3343 retributor
964 3283 1162 3344 meritorum

200 3397 234 3448 et
258 3389 396 3467 punitor
419 3398 647 3468 peccatorum.
667 3387 804 3449 Etcum
822 3389 946 3450 dicitur
958 3389 1058 3459 ultra,
1071 3389 1163 3470 quod

200 3495 259 3554 ille
283 3496 463 3555 aliusnon
488 3505 603 3574 potest
623 3495 776 3575 judicare
801 3497 866 3556 nisi
895 3493 954 3557 fiat
978 3496 1043 3558 sibi
1069 3515 1165 3556 accu-

199 3603 298 3669 satio,
323 3602 468 3665 coucedo:
493 3602 553 3661 sed
580 3621 624 3661 ex
640 3603 705 3662 hoc
723 3621 789 3663 non
814 3603 892 3682 plus
917 3603 1070 3672 habetur,
1096 3603 1161 3664 nisi
