<?xml version="1.0" encoding="UTF-8"?>
<!DOCTYPE html PUBLIC "-//W3C//DTD XHTML 1.0 Transitional//EN"
    "http://www.w3.org/TR/xhtml1/DTD/xhtml1-transitional.dtd">
<html xmlns="http://www.w3.org/1999/xhtml" xml:lang="en" lang="en">
 <head>
  <title>
</title>
<meta http-equiv="Content-Type" content="text/html;charset=utf-8" />
  <meta name='ocr-system' content='tesseract 3.04.00' />
  <meta name='ocr-capabilities' content='ocr_page ocr_carea ocr_par ocr_line ocrx_word'/>
</head>
<body>
  <div class='ocr_page' id='page_1' title='image "./commentariainli02scotgoog_0045.png"; bbox 0 0 2600 4200; ppageno 0'>
   <div class='ocr_carea' id='block_1_1' title="bbox 337 265 1072 346">
    <p class='ocr_par' dir='ltr' id='par_1_1' title="bbox 337 265 1072 346">
     <span class='ocr_line' id='line_1_1' title="bbox 337 265 1072 346; baseline -0.001 -18"><span class='ocrx_word' id='word_1_1' title='bbox 337 268 528 330; x_wconf 78' lang='lat' dir='ltr'>Drsrmcr.</span> <span class='ocrx_word' id='word_1_2' title='bbox 553 267 583 329; x_wconf 88' lang='lat'>11</span> <span class='ocrx_word' id='word_1_3' title='bbox 609 265 754 346; x_wconf 68' lang='lat' dir='ltr'>Quasr.</span> <span class='ocrx_word' id='word_1_4' title='bbox 780 267 825 328; x_wconf 90' lang='lat'>111</span> <span class='ocrx_word' id='word_1_5' title='bbox 1030 282 1072 344; x_wconf 89' lang='lat'>29</span> 
     </span>
    </p>
   </div>
   <div class='ocr_carea' id='block_1_2' title="bbox 122 473 1189 2161">
    <p class='ocr_par' dir='ltr' id='par_1_2' title="bbox 122 473 1091 665">
     <span class='ocr_line' id='line_1_2' title="bbox 122 473 1091 557; baseline 0.001 -21"><span class='ocrx_word' id='word_1_6' title='bbox 122 477 289 557; x_wconf 87' lang='lat' dir='ltr'>sequitur:</span> <span class='ocrx_word' id='word_1_7' title='bbox 316 485 444 537; x_wconf 84' lang='lat' dir='ltr'>naturae</span> <span class='ocrx_word' id='word_1_8' title='bbox 469 475 644 536; x_wconf 82' lang='lat' dir='ltr'>irrationali</span> <span class='ocrx_word' id='word_1_9' title='bbox 658 481 819 557; x_wconf 86' lang='lat' dir='ltr'>repugnat</span> <span class='ocrx_word' id='word_1_10' title='bbox 843 475 921 536; x_wconf 88' lang='lat' dir='ltr'>unio</span> <span class='ocrx_word' id='word_1_11' title='bbox 934 473 1091 548; x_wconf 84' lang='lat' dir='ltr'>beatifica,</span> 
     </span>
     <span class='ocr_line' id='line_1_3' title="bbox 123 583 510 665; baseline 0 -21"><span class='ocrx_word' id='word_1_12' title='bbox 123 603 201 665; x_wconf 83' lang='lat' dir='ltr'>ergo</span> <span class='ocrx_word' id='word_1_13' title='bbox 226 593 261 643; x_wconf 89' lang='lat' dir='ltr'>et</span> <span class='ocrx_word' id='word_1_14' title='bbox 287 583 510 663; x_wconf 83' lang='lat' dir='ltr'>hypostatica.</span> 
     </span>
    </p>

    <p class='ocr_par' dir='ltr' id='par_1_3' title="bbox 123 687 1189 1624">
     <span class='ocr_line' id='line_1_4' title="bbox 190 687 1095 770; baseline 0 -20"><span class='ocrx_word' id='word_1_15' title='bbox 190 690 251 751; x_wconf 81' lang='lat' dir='ltr'>Ad</span> <span class='ocrx_word' id='word_1_16' title='bbox 272 699 429 770; x_wconf 82' lang='lat' dir='ltr'>quartum</span> <span class='ocrx_word' id='word_1_17' title='bbox 465 689 579 751; x_wconf 90' lang='lat' dir='ltr'>dicunt</span> <span class='ocrx_word' id='word_1_18' title='bbox 612 688 711 770; x_wconf 89' lang='lat' dir='ltr'>aliqui</span> <span class='ocrx_word' id='word_1_19' title='bbox 745 689 837 770; x_wconf 92' lang='lat' dir='ltr'>quod</span> <span class='ocrx_word' id='word_1_20' title='bbox 872 687 954 751; x_wconf 87' lang='lat' dir='ltr'>sicut</span> <span class='ocrx_word' id='word_1_21' title='bbox 978 688 1095 751; x_wconf 88' lang='lat' dir='ltr'>dicitur</span> 
     </span>
     <span class='ocr_line' id='line_1_5' title="bbox 126 795 1092 877; baseline -0.001 -19"><span class='ocrx_word' id='word_1_22' title='bbox 126 797 215 858; x_wconf 89' lang='lat' dir='ltr'>Deus</span> <span class='ocrx_word' id='word_1_23' title='bbox 240 796 347 858; x_wconf 91' lang='lat' dir='ltr'>homo</span> <span class='ocrx_word' id='word_1_24' title='bbox 370 805 402 857; x_wconf 90' lang='lat' dir='ltr'>et</span> <span class='ocrx_word' id='word_1_25' title='bbox 427 795 529 858; x_wconf 91' lang='lat' dir='ltr'>homo</span> <span class='ocrx_word' id='word_1_26' title='bbox 553 796 644 859; x_wconf 88' lang='lat' dir='ltr'>Deus</span> <span class='ocrx_word' id='word_1_27' title='bbox 667 806 801 877; x_wconf 86' lang='lat' dir='ltr'>propter</span> <span class='ocrx_word' id='word_1_28' title='bbox 825 796 1092 858; x_wconf 79' lang='lat' dir='ltr'>communicatio</span> 
     </span>
     <span class='ocr_line' id='line_1_6' title="bbox 126 881 1094 983; baseline -0.002 -17"><span class='ocrx_word' id='word_1_29' title='bbox 126 924 199 966; x_wconf 90' lang='lat' dir='ltr'>nem</span> <span class='ocrx_word' id='word_1_30' title='bbox 213 903 423 975; x_wconf 89' lang='lat' dir='ltr'>idiomatum,</span> <span class='ocrx_word' id='word_1_31' title='bbox 449 903 492 964; x_wconf 90' lang='lat' dir='ltr'>ita</span> <span class='ocrx_word' id='word_1_32' title='bbox 505 903 529 964; x_wconf 87' lang='lat' dir='ltr'>si</span> <span class='ocrx_word' id='word_1_33' title='bbox 543 903 634 964; x_wconf 89' lang='lat' dir='ltr'>Deus</span> <span class='ocrx_word' id='word_1_34' title='bbox 646 911 825 965; x_wconf 85' lang='lat' dir='ltr'>assumeret</span> <span class='ocrx_word' id='word_1_35' title='bbox 833 881 989 983; x_wconf 85' lang='lat' dir='ltr'>lapidem,</span> <span class='ocrx_word' id='word_1_36' title='bbox 1003 902 1094 965; x_wconf 86' lang='lat' dir='ltr'>Deus</span> 
     </span>
     <span class='ocr_line' id='line_1_7' title="bbox 125 1008 1093 1091; baseline 0 -20"><span class='ocrx_word' id='word_1_37' title='bbox 125 1011 289 1072; x_wconf 80' lang='lat' dir='ltr'>diceretur</span> <span class='ocrx_word' id='word_1_38' title='bbox 325 1009 406 1090; x_wconf 90' lang='lat' dir='ltr'>lapis</span> <span class='ocrx_word' id='word_1_39' title='bbox 428 1019 461 1071; x_wconf 94' lang='lat' dir='ltr'>et</span> <span class='ocrx_word' id='word_1_40' title='bbox 493 1008 573 1091; x_wconf 88' lang='lat' dir='ltr'>lapis</span> <span class='ocrx_word' id='word_1_41' title='bbox 597 1009 698 1082; x_wconf 88' lang='lat' dir='ltr'>Deus,</span> <span class='ocrx_word' id='word_1_42' title='bbox 722 1010 798 1091; x_wconf 89' lang='lat' dir='ltr'>quia</span> <span class='ocrx_word' id='word_1_43' title='bbox 833 1011 877 1072; x_wconf 88' lang='lat' dir='ltr'>ita</span> <span class='ocrx_word' id='word_1_44' title='bbox 900 1019 1008 1071; x_wconf 85' lang='lat' dir='ltr'>essent</span> <span class='ocrx_word' id='word_1_45' title='bbox 1042 1009 1093 1072; x_wconf 88' lang='lat' dir='ltr'>hic</span> 
     </span>
     <span class='ocr_line' id='line_1_8' title="bbox 124 1115 1096 1198; baseline 0.002 -20"><span class='ocrx_word' id='word_1_46' title='bbox 124 1117 199 1178; x_wconf 87' lang='lat' dir='ltr'>duae</span> <span class='ocrx_word' id='word_1_47' title='bbox 227 1125 356 1177; x_wconf 85' lang='lat' dir='ltr'>naturae</span> <span class='ocrx_word' id='word_1_48' title='bbox 381 1115 412 1177; x_wconf 93' lang='lat' dir='ltr'>in</span> <span class='ocrx_word' id='word_1_49' title='bbox 436 1117 552 1177; x_wconf 89' lang='lat' dir='ltr'>eodem</span> <span class='ocrx_word' id='word_1_50' title='bbox 576 1117 747 1198; x_wconf 88' lang='lat' dir='ltr'>supposito</span> <span class='ocrx_word' id='word_1_51' title='bbox 770 1117 853 1178; x_wconf 90' lang='lat' dir='ltr'>sicut</span> <span class='ocrx_word' id='word_1_52' title='bbox 875 1117 929 1179; x_wconf 91' lang='lat' dir='ltr'>ibi.</span> <span class='ocrx_word' id='word_1_53' title='bbox 953 1153 999 1164; x_wconf 99' lang='lat'>-</span> <span class='ocrx_word' id='word_1_54' title='bbox 1021 1118 1096 1180; x_wconf 75' lang='lat' dir='ltr'>Alii</span> 
     </span>
     <span class='ocr_line' id='line_1_9' title="bbox 123 1223 1094 1304; baseline 0.002 -20"><span class='ocrx_word' id='word_1_55' title='bbox 123 1223 243 1302; x_wconf 69' lang='lat' dir='ltr'>dicunt</span> <span class='ocrx_word' id='word_1_56' title='bbox 276 1223 368 1303; x_wconf 93' lang='lat' dir='ltr'>quod</span> <span class='ocrx_word' id='word_1_57' title='bbox 393 1242 458 1284; x_wconf 89' lang='lat' dir='ltr'>nun</span> <span class='ocrx_word' id='word_1_58' title='bbox 482 1232 621 1304; x_wconf 86' lang='lat' dir='ltr'>oportet,</span> <span class='ocrx_word' id='word_1_59' title='bbox 645 1223 723 1303; x_wconf 91' lang='lat' dir='ltr'>quia</span> <span class='ocrx_word' id='word_1_60' title='bbox 757 1223 849 1285; x_wconf 90' lang='lat' dir='ltr'>Deus</span> <span class='ocrx_word' id='word_1_61' title='bbox 872 1224 904 1285; x_wconf 90' lang='lat' dir='ltr'>in</span> <span class='ocrx_word' id='word_1_62' title='bbox 928 1224 1037 1286; x_wconf 90' lang='lat' dir='ltr'>triduo</span> <span class='ocrx_word' id='word_1_63' title='bbox 1061 1247 1094 1286; x_wconf 92' lang='lat' dir='ltr'>u-</span> 
     </span>
     <span class='ocr_line' id='line_1_10' title="bbox 124 1329 1093 1410; baseline 0.002 -18"><span class='ocrx_word' id='word_1_64' title='bbox 124 1331 277 1392; x_wconf 88' lang='lat' dir='ltr'>niebatur</span> <span class='ocrx_word' id='word_1_65' title='bbox 302 1329 429 1410; x_wconf 90' lang='lat' dir='ltr'>corpori</span> <span class='ocrx_word' id='word_1_66' title='bbox 466 1339 597 1392; x_wconf 91' lang='lat' dir='ltr'>mortuo</span> <span class='ocrx_word' id='word_1_67' title='bbox 619 1338 653 1391; x_wconf 90' lang='lat' dir='ltr'>et</span> <span class='ocrx_word' id='word_1_68' title='bbox 674 1338 786 1392; x_wconf 89' lang='lat' dir='ltr'>tamen</span> <span class='ocrx_word' id='word_1_69' title='bbox 822 1351 889 1391; x_wconf 94' lang='lat' dir='ltr'>non</span> <span class='ocrx_word' id='word_1_70' title='bbox 926 1330 1093 1394; x_wconf 84' lang='lat' dir='ltr'>dicebatur</span> 
     </span>
     <span class='ocr_line' id='line_1_11' title="bbox 125 1423 1189 1518; baseline 0.001 -20"><span class='ocrx_word' id='word_1_71' title='bbox 125 1437 219 1498; x_wconf 89' lang='lat' dir='ltr'>Deus</span> <span class='ocrx_word' id='word_1_72' title='bbox 241 1445 293 1497; x_wconf 88' lang='lat' dir='ltr'>est</span> <span class='ocrx_word' id='word_1_73' title='bbox 316 1455 435 1517; x_wconf 90' lang='lat' dir='ltr'>corpus</span> <span class='ocrx_word' id='word_1_74' title='bbox 457 1445 490 1498; x_wconf 88' lang='lat' dir='ltr'>et</span> <span class='ocrx_word' id='word_1_75' title='bbox 513 1457 632 1518; x_wconf 90' lang='lat' dir='ltr'>corpus</span> <span class='ocrx_word' id='word_1_76' title='bbox 655 1446 702 1498; x_wconf 87' lang='lat' dir='ltr'>est</span> <span class='ocrx_word' id='word_1_77' title='bbox 716 1438 816 1498; x_wconf 91' lang='lat' dir='ltr'>Deus.</span> <span class='ocrx_word' id='word_1_78' title='bbox 830 1437 1025 1517; x_wconf 86' lang='lat' dir='ltr'>Accipiatur</span> <span class='ocrx_word' id='word_1_79' title='bbox 1047 1459 1097 1500; x_wconf 91' lang='lat' dir='ltr'>so-</span> <span class='ocrx_word' id='word_1_80' title='bbox 1182 1423 1189 1440; x_wconf 70' lang='grc'><strong>’</strong></span> 
     </span>
     <span class='ocr_line' id='line_1_12' title="bbox 124 1543 546 1624; baseline 0 -20"><span class='ocrx_word' id='word_1_81' title='bbox 124 1543 206 1605; x_wconf 89' lang='lat' dir='ltr'>lutio</span> <span class='ocrx_word' id='word_1_82' title='bbox 230 1564 308 1624; x_wconf 86' lang='lat' dir='ltr'>quae</span> <span class='ocrx_word' id='word_1_83' title='bbox 334 1543 408 1624; x_wconf 92' lang='lat' dir='ltr'>plus</span> <span class='ocrx_word' id='word_1_84' title='bbox 430 1544 546 1624; x_wconf 89' lang='lat' dir='ltr'>placet.</span> 
     </span>
    </p>

    <p class='ocr_par' dir='ltr' id='par_1_4' title="bbox 125 1649 1095 2161">
     <span class='ocr_line' id='line_1_13' title="bbox 190 1649 1093 1732; baseline 0.003 -20"><span class='ocrx_word' id='word_1_85' title='bbox 190 1651 252 1712; x_wconf 80' lang='lat' dir='ltr'>Ad</span> <span class='ocrx_word' id='word_1_86' title='bbox 274 1650 430 1712; x_wconf 81' lang='lat' dir='ltr'>ultimum</span> <span class='ocrx_word' id='word_1_87' title='bbox 454 1649 634 1732; x_wconf 84' lang='lat' dir='ltr'>Augustini</span> <span class='ocrx_word' id='word_1_88' title='bbox 657 1650 732 1712; x_wconf 92' lang='lat' dir='ltr'>dico</span> <span class='ocrx_word' id='word_1_89' title='bbox 766 1650 857 1732; x_wconf 91' lang='lat' dir='ltr'>quod</span> <span class='ocrx_word' id='word_1_90' title='bbox 882 1650 1093 1732; x_wconf 83' lang='lat' dir='ltr'>Augustinus</span> 
     </span>
     <span class='ocr_line' id='line_1_14' title="bbox 125 1757 1094 1839; baseline 0.002 -21"><span class='ocrx_word' id='word_1_91' title='bbox 125 1757 272 1838; x_wconf 88' lang='lat' dir='ltr'>loquitur</span> <span class='ocrx_word' id='word_1_92' title='bbox 307 1757 349 1818; x_wconf 89' lang='lat' dir='ltr'>de</span> <span class='ocrx_word' id='word_1_93' title='bbox 372 1775 530 1838; x_wconf 85' lang='lat' dir='ltr'>congruo,</span> <span class='ocrx_word' id='word_1_94' title='bbox 555 1757 630 1838; x_wconf 91' lang='lat' dir='ltr'>quia</span> <span class='ocrx_word' id='word_1_95' title='bbox 666 1757 899 1839; x_wconf 87' lang='lat' dir='ltr'>congruentius</span> <span class='ocrx_word' id='word_1_96' title='bbox 921 1768 970 1819; x_wconf 90' lang='lat' dir='ltr'>est</span> <span class='ocrx_word' id='word_1_97' title='bbox 1004 1759 1094 1839; x_wconf 92' lang='lat' dir='ltr'>quod</span> 
     </span>
     <span class='ocr_line' id='line_1_15' title="bbox 125 1864 1095 1945; baseline 0 -19"><span class='ocrx_word' id='word_1_98' title='bbox 125 1865 219 1926; x_wconf 87' lang='lat' dir='ltr'>Deus</span> <span class='ocrx_word' id='word_1_99' title='bbox 242 1872 391 1925; x_wconf 87' lang='lat' dir='ltr'>assumat</span> <span class='ocrx_word' id='word_1_100' title='bbox 413 1873 564 1926; x_wconf 89' lang='lat' dir='ltr'>naturam</span> <span class='ocrx_word' id='word_1_101' title='bbox 588 1864 779 1926; x_wconf 79' lang='lat' dir='ltr'>rationalem</span> <span class='ocrx_word' id='word_1_102' title='bbox 802 1885 903 1945; x_wconf 91' lang='lat' dir='ltr'>quam</span> <span class='ocrx_word' id='word_1_103' title='bbox 929 1865 1095 1927; x_wconf 89' lang='lat' dir='ltr'>irrationa-</span> 
     </span>
     <span class='ocr_line' id='line_1_16' title="bbox 126 1969 1094 2052; baseline 0.002 -21"><span class='ocrx_word' id='word_1_104' title='bbox 126 1972 201 2042; x_wconf 89' lang='lat' dir='ltr'>lem,</span> <span class='ocrx_word' id='word_1_105' title='bbox 226 1971 286 2032; x_wconf 89' lang='lat' dir='ltr'>sed</span> <span class='ocrx_word' id='word_1_106' title='bbox 310 1990 376 2032; x_wconf 92' lang='lat' dir='ltr'>non</span> <span class='ocrx_word' id='word_1_107' title='bbox 400 1980 500 2052; x_wconf 87' lang='lat' dir='ltr'>negat</span> <span class='ocrx_word' id='word_1_108' title='bbox 532 1991 588 2052; x_wconf 90' lang='lat' dir='ltr'>per</span> <span class='ocrx_word' id='word_1_109' title='bbox 611 1969 717 2033; x_wconf 89' lang='lat' dir='ltr'>hoca</span> <span class='ocrx_word' id='word_1_110' title='bbox 741 1972 816 2033; x_wconf 89' lang='lat' dir='ltr'>Deo</span> <span class='ocrx_word' id='word_1_111' title='bbox 839 1972 1021 2052; x_wconf 90' lang='lat' dir='ltr'>potentiam</span> <span class='ocrx_word' id='word_1_112' title='bbox 1044 1993 1094 2033; x_wconf 87' lang='lat' dir='ltr'>as-</span> 
     </span>
     <span class='ocr_line' id='line_1_17' title="bbox 125 2077 722 2161; baseline 0.002 -21"><span class='ocrx_word' id='word_1_113' title='bbox 125 2077 280 2141; x_wconf 89' lang='lat' dir='ltr'>sumendi</span> <span class='ocrx_word' id='word_1_114' title='bbox 304 2096 537 2161; x_wconf 87' lang='lat' dir='ltr'>quamcunque</span> <span class='ocrx_word' id='word_1_115' title='bbox 561 2086 722 2141; x_wconf 85' lang='lat' dir='ltr'>naturam.</span> 
     </span>
    </p>
   </div>
   <div class='ocr_carea' id='block_1_3' title="bbox 125 2292 1097 3763">
    <p class='ocr_par' dir='ltr' id='par_1_5' title="bbox 125 2292 1096 2907">
     <span class='ocr_line' id='line_1_18' title="bbox 194 2292 1096 2375; baseline 0.001 -21"><span class='ocrx_word' id='word_1_116' title='bbox 194 2292 257 2354; x_wconf 87' lang='lat' dir='ltr'>AD</span> <span class='ocrx_word' id='word_1_117' title='bbox 283 2304 428 2355; x_wconf 81' lang='lat' dir='ltr'><strong>PRIMUM</strong></span> <span class='ocrx_word' id='word_1_118' title='bbox 451 2304 668 2355; x_wconf 77' lang='lat' dir='ltr'><strong>PRINCIPALE</strong></span> <span class='ocrx_word' id='word_1_119' title='bbox 693 2292 766 2355; x_wconf 89' lang='lat' dir='ltr'>dieo</span> <span class='ocrx_word' id='word_1_120' title='bbox 782 2294 873 2375; x_wconf 89' lang='lat' dir='ltr'>quod</span> <span class='ocrx_word' id='word_1_121' title='bbox 900 2303 1024 2374; x_wconf 87' lang='lat' dir='ltr'>quanto</span> <span class='ocrx_word' id='word_1_122' title='bbox 1041 2295 1096 2356; x_wconf 90' lang='lat' dir='ltr'>ali-</span> 
     </span>
     <span class='ocr_line' id='line_1_19' title="bbox 125 2395 1094 2482; baseline 0.002 -21"><span class='ocrx_word' id='word_1_123' title='bbox 125 2420 192 2481; x_wconf 90' lang='lat' dir='ltr'>qua</span> <span class='ocrx_word' id='word_1_124' title='bbox 216 2407 336 2461; x_wconf 88' lang='lat' dir='ltr'>natura</span> <span class='ocrx_word' id='word_1_125' title='bbox 357 2405 406 2459; x_wconf 89' lang='lat' dir='ltr'>est</span> <span class='ocrx_word' id='word_1_126' title='bbox 429 2395 600 2479; x_wconf 79' lang='lat' dir='ltr'>perfectior</span> <span class='ocrx_word' id='word_1_127' title='bbox 622 2408 718 2476; x_wconf 86' lang='lat' dir='ltr'>tanto</span> <span class='ocrx_word' id='word_1_128' title='bbox 738 2408 788 2461; x_wconf 88' lang='lat' dir='ltr'>est</span> <span class='ocrx_word' id='word_1_129' title='bbox 810 2398 842 2462; x_wconf 90' lang='lat' dir='ltr'>in</span> <span class='ocrx_word' id='word_1_130' title='bbox 868 2400 1014 2482; x_wconf 89' lang='lat' dir='ltr'>potentia</span> <span class='ocrx_word' id='word_1_131' title='bbox 1052 2402 1094 2463; x_wconf 88' lang='lat' dir='ltr'>ad</span> 
     </span>
     <span class='ocr_line' id='line_1_20' title="bbox 127 2502 1094 2588; baseline 0 -19"><span class='ocrx_word' id='word_1_132' title='bbox 127 2506 322 2569; x_wconf 84' lang='lat' dir='ltr'>nobiliorem</span> <span class='ocrx_word' id='word_1_133' title='bbox 346 2502 588 2586; x_wconf 83' lang='lat' dir='ltr'>perlectionem,</span> <span class='ocrx_word' id='word_1_134' title='bbox 602 2506 769 2587; x_wconf 90' lang='lat' dir='ltr'>loquendo</span> <span class='ocrx_word' id='word_1_135' title='bbox 784 2506 825 2568; x_wconf 90' lang='lat' dir='ltr'>de</span> <span class='ocrx_word' id='word_1_136' title='bbox 841 2506 986 2588; x_wconf 90' lang='lat' dir='ltr'>potentia</span> <span class='ocrx_word' id='word_1_137' title='bbox 1003 2517 1094 2569; x_wconf 88' lang='lat' dir='ltr'>natu-</span> 
     </span>
     <span class='ocr_line' id='line_1_21' title="bbox 127 2612 1095 2687; baseline 0.004 -13"><span class='ocrx_word' id='word_1_138' title='bbox 127 2613 201 2687; x_wconf 86' lang='lat' dir='ltr'>rali;</span> <span class='ocrx_word' id='word_1_139' title='bbox 226 2613 285 2674; x_wconf 86' lang='lat' dir='ltr'>sed</span> <span class='ocrx_word' id='word_1_140' title='bbox 310 2612 373 2673; x_wconf 92' lang='lat' dir='ltr'>hoc</span> <span class='ocrx_word' id='word_1_141' title='bbox 404 2632 471 2675; x_wconf 92' lang='lat' dir='ltr'>non</span> <span class='ocrx_word' id='word_1_142' title='bbox 494 2612 645 2675; x_wconf 85' lang='lat' dir='ltr'>obstante</span> <span class='ocrx_word' id='word_1_143' title='bbox 680 2622 796 2675; x_wconf 88' lang='lat' dir='ltr'>natura</span> <span class='ocrx_word' id='word_1_144' title='bbox 834 2614 1023 2675; x_wconf 90' lang='lat' dir='ltr'>irrationalis</span> <span class='ocrx_word' id='word_1_145' title='bbox 1046 2625 1095 2678; x_wconf 87' lang='lat' dir='ltr'>est</span> 
     </span>
     <span class='ocr_line' id='line_1_22' title="bbox 129 2718 1092 2802; baseline 0.001 -21"><span class='ocrx_word' id='word_1_146' title='bbox 129 2740 184 2801; x_wconf 89' lang='lat' dir='ltr'>per</span> <span class='ocrx_word' id='word_1_147' title='bbox 211 2719 394 2801; x_wconf 87' lang='lat' dir='ltr'>potentiam</span> <span class='ocrx_word' id='word_1_148' title='bbox 419 2718 669 2781; x_wconf 89' lang='lat' dir='ltr'>obedientialem</span> <span class='ocrx_word' id='word_1_149' title='bbox 699 2720 731 2782; x_wconf 92' lang='lat' dir='ltr'>in</span> <span class='ocrx_word' id='word_1_150' title='bbox 756 2720 902 2802; x_wconf 90' lang='lat' dir='ltr'>potentia</span> <span class='ocrx_word' id='word_1_151' title='bbox 932 2720 974 2781; x_wconf 94' lang='lat' dir='ltr'>ad</span> <span class='ocrx_word' id='word_1_152' title='bbox 998 2720 1092 2783; x_wconf 89' lang='lat' dir='ltr'>istam</span> 
     </span>
     <span class='ocr_line' id='line_1_23' title="bbox 129 2824 372 2907; baseline -0.008 -18"><span class='ocrx_word' id='word_1_153' title='bbox 129 2824 372 2907; x_wconf 84' lang='lat' dir='ltr'>perfectionem.</span> 
     </span>
    </p>

    <p class='ocr_par' dir='ltr' id='par_1_6' title="bbox 129 2931 1096 3442">
     <span class='ocr_line' id='line_1_24' title="bbox 194 2931 1093 3016; baseline 0.003 -21"><span class='ocrx_word' id='word_1_154' title='bbox 194 2934 255 2995; x_wconf 83' lang='lat' dir='ltr'>Ad</span> <span class='ocrx_word' id='word_1_155' title='bbox 280 2932 456 2995; x_wconf 78' lang='lat' dir='ltr'>secundum</span> <span class='ocrx_word' id='word_1_156' title='bbox 480 2933 554 2996; x_wconf 93' lang='lat' dir='ltr'>dico</span> <span class='ocrx_word' id='word_1_157' title='bbox 577 2933 667 3015; x_wconf 90' lang='lat' dir='ltr'>quod</span> <span class='ocrx_word' id='word_1_158' title='bbox 683 2933 761 2996; x_wconf 89' lang='lat' dir='ltr'>unio</span> <span class='ocrx_word' id='word_1_159' title='bbox 785 2931 841 3016; x_wconf 80' lang='lat' dir='ltr'>per</span> <span class='ocrx_word' id='word_1_160' title='bbox 867 2934 1093 2998; x_wconf 76' lang='lat' dir='ltr'>inharentiam</span> 
     </span>
     <span class='ocr_line' id='line_1_25' title="bbox 129 3039 1094 3122; baseline 0.003 -21"><span class='ocrx_word' id='word_1_161' title='bbox 129 3041 263 3122; x_wconf 88' lang='lat' dir='ltr'>requirit</span> <span class='ocrx_word' id='word_1_162' title='bbox 309 3039 576 3121; x_wconf 90' lang='lat' dir='ltr'>dispositionem,</span> <span class='ocrx_word' id='word_1_163' title='bbox 611 3048 643 3102; x_wconf 91' lang='lat' dir='ltr'>et</span> <span class='ocrx_word' id='word_1_164' title='bbox 682 3041 787 3121; x_wconf 88' lang='lat' dir='ltr'>major</span> <span class='ocrx_word' id='word_1_165' title='bbox 822 3041 900 3103; x_wconf 91' lang='lat' dir='ltr'>unio</span> <span class='ocrx_word' id='word_1_166' title='bbox 936 3040 1094 3122; x_wconf 89' lang='lat' dir='ltr'>majorem</span> 
     </span>
     <span class='ocr_line' id='line_1_26' title="bbox 130 3146 1095 3229; baseline 0.001 -21"><span class='ocrx_word' id='word_1_167' title='bbox 130 3146 391 3227; x_wconf 82' lang='lat' dir='ltr'>dispositionem3</span> <span class='ocrx_word' id='word_1_168' title='bbox 416 3146 476 3209; x_wconf 89' lang='lat' dir='ltr'>ista</span> <span class='ocrx_word' id='word_1_169' title='bbox 500 3156 610 3210; x_wconf 86' lang='lat' dir='ltr'>autem</span> <span class='ocrx_word' id='word_1_170' title='bbox 635 3147 712 3209; x_wconf 89' lang='lat' dir='ltr'>unio</span> <span class='ocrx_word' id='word_1_171' title='bbox 735 3168 810 3229; x_wconf 84' lang='lat' dir='ltr'>quae</span> <span class='ocrx_word' id='word_1_172' title='bbox 835 3158 884 3209; x_wconf 89' lang='lat' dir='ltr'>est</span> <span class='ocrx_word' id='word_1_173' title='bbox 901 3157 1026 3209; x_wconf 65' lang='lat' dir='ltr'>naturae</span> <span class='ocrx_word' id='word_1_174' title='bbox 1049 3170 1095 3209; x_wconf 91' lang='lat' dir='ltr'>as-</span> 
     </span>
     <span class='ocr_line' id='line_1_27' title="bbox 131 3253 1096 3337; baseline 0.003 -24"><span class='ocrx_word' id='word_1_175' title='bbox 131 3264 271 3335; x_wconf 86' lang='lat' dir='ltr'>sumptae</span> <span class='ocrx_word' id='word_1_176' title='bbox 294 3253 337 3314; x_wconf 91' lang='lat' dir='ltr'>ad</span> <span class='ocrx_word' id='word_1_177' title='bbox 361 3254 472 3315; x_wconf 89' lang='lat' dir='ltr'>Deum</span> <span class='ocrx_word' id='word_1_178' title='bbox 497 3273 562 3315; x_wconf 94' lang='lat' dir='ltr'>non</span> <span class='ocrx_word' id='word_1_179' title='bbox 579 3262 627 3316; x_wconf 90' lang='lat' dir='ltr'>est</span> <span class='ocrx_word' id='word_1_180' title='bbox 644 3274 701 3336; x_wconf 90' lang='lat' dir='ltr'>per</span> <span class='ocrx_word' id='word_1_181' title='bbox 717 3253 946 3317; x_wconf 84' lang='lat' dir='ltr'>inhaerentiam</span> <span class='ocrx_word' id='word_1_182' title='bbox 964 3256 1020 3316; x_wconf 87' lang='lat' dir='ltr'>sed</span> <span class='ocrx_word' id='word_1_183' title='bbox 1037 3276 1096 3337; x_wconf 86' lang='lat' dir='ltr'>per</span> 
     </span>
     <span class='ocr_line' id='line_1_28' title="bbox 132 3360 677 3442; baseline 0.007 -23"><span class='ocrx_word' id='word_1_184' title='bbox 132 3360 294 3438; x_wconf 81' lang='lat' dir='ltr'>quendam</span> <span class='ocrx_word' id='word_1_185' title='bbox 318 3360 469 3441; x_wconf 90' lang='lat' dir='ltr'>illapsum</span> <span class='ocrx_word' id='word_1_186' title='bbox 493 3360 677 3442; x_wconf 86' lang='lat' dir='ltr'>specialem.</span> 
     </span>
    </p>

    <p class='ocr_par' dir='ltr' id='par_1_7' title="bbox 132 3466 1097 3763">
     <span class='ocr_line' id='line_1_29' title="bbox 200 3466 1095 3550; baseline 0.004 -24"><span class='ocrx_word' id='word_1_187' title='bbox 200 3466 256 3527; x_wconf 83' lang='lat' dir='ltr'>Ad</span> <span class='ocrx_word' id='word_1_188' title='bbox 274 3466 406 3529; x_wconf 79' lang='lat' dir='ltr'>tertium</span> <span class='ocrx_word' id='word_1_189' title='bbox 429 3466 504 3529; x_wconf 85' lang='lat' dir='ltr'>dico</span> <span class='ocrx_word' id='word_1_190' title='bbox 527 3474 560 3529; x_wconf 90' lang='lat' dir='ltr'>et</span> <span class='ocrx_word' id='word_1_191' title='bbox 582 3466 624 3529; x_wconf 90' lang='lat' dir='ltr'>ad</span> <span class='ocrx_word' id='word_1_192' title='bbox 648 3470 803 3550; x_wconf 81' lang='lat' dir='ltr'>majorem</span> <span class='ocrx_word' id='word_1_193' title='bbox 827 3468 919 3550; x_wconf 92' lang='lat' dir='ltr'>quod</span> <span class='ocrx_word' id='word_1_194' title='bbox 942 3468 1011 3549; x_wconf 88' lang='lat' dir='ltr'>ipsa</span> <span class='ocrx_word' id='word_1_195' title='bbox 1046 3476 1095 3530; x_wconf 87' lang='lat' dir='ltr'>est</span> 
     </span>
     <span class='ocr_line' id='line_1_30' title="bbox 133 3573 1095 3656; baseline 0.005 -25"><span class='ocrx_word' id='word_1_196' title='bbox 133 3590 210 3632; x_wconf 84' lang='lat' dir='ltr'>vera</span> <span class='ocrx_word' id='word_1_197' title='bbox 231 3574 320 3635; x_wconf 88' lang='lat' dir='ltr'>deco</span> <span class='ocrx_word' id='word_1_198' title='bbox 343 3574 434 3655; x_wconf 90' lang='lat' dir='ltr'>quod</span> <span class='ocrx_word' id='word_1_199' title='bbox 458 3573 540 3635; x_wconf 86' lang='lat' dir='ltr'>inest</span> <span class='ocrx_word' id='word_1_200' title='bbox 563 3594 621 3656; x_wconf 89' lang='lat' dir='ltr'>per</span> <span class='ocrx_word' id='word_1_201' title='bbox 644 3575 824 3655; x_wconf 90' lang='lat' dir='ltr'>potentiam</span> <span class='ocrx_word' id='word_1_202' title='bbox 843 3576 1035 3636; x_wconf 88' lang='lat' dir='ltr'>naturalem.</span> <span class='ocrx_word' id='word_1_203' title='bbox 1051 3612 1095 3621; x_wconf 87' lang='lat'>—-</span> 
     </span>
     <span class='ocr_line' id='line_1_31' title="bbox 132 3676 1097 3763; baseline 0.006 -26"><span class='ocrx_word' id='word_1_204' title='bbox 132 3676 357 3762; x_wconf 67' lang='lat' dir='ltr'>Alitenpotest</span> <span class='ocrx_word' id='word_1_205' title='bbox 372 3679 435 3743; x_wconf 89' lang='lat' dir='ltr'>dici</span> <span class='ocrx_word' id='word_1_206' title='bbox 452 3680 494 3742; x_wconf 90' lang='lat' dir='ltr'>ad</span> <span class='ocrx_word' id='word_1_207' title='bbox 511 3681 666 3763; x_wconf 73' lang='lat' dir='ltr'>majorem</span> <span class='ocrx_word' id='word_1_208' title='bbox 682 3681 773 3763; x_wconf 92' lang='lat' dir='ltr'>quod</span> <span class='ocrx_word' id='word_1_209' title='bbox 790 3690 906 3744; x_wconf 89' lang='lat' dir='ltr'>natura</span> <span class='ocrx_word' id='word_1_210' title='bbox 923 3681 1022 3743; x_wconf 88' lang='lat' dir='ltr'>habet</span> <span class='ocrx_word' id='word_1_211' title='bbox 1041 3702 1097 3763; x_wconf 82' lang='lat' dir='ltr'>ap</span> 
     </span>
    </p>
   </div>
   <div class='ocr_carea' id='block_1_4' title="bbox 0 0 1314 4200">
    <p class='ocr_par' dir='ltr' id='par_1_8' title="bbox 0 0 1314 4200">
     <span class='ocr_line' id='line_1_32' title="bbox 0 0 1314 4200; baseline 0 0"><span class='ocrx_word' id='word_1_212' title='bbox 0 0 1314 4200; x_wconf 95' lang='lat' dir='ltr'> </span> 
     </span>
    </p>
   </div>
  </div>
 </body>
</html>
