2600 4200
228 201 290 276 316
455 197 529 258 Lm.
555 196 606 258 IV
632 195 938 258 Sanrnuamnuu

201 375 303 437 homo
327 375 460 456 obligat
484 395 521 436 se
543 375 587 436 ad
610 385 724 436 actum
752 376 781 435 si
805 384 956 454 petatur;
981 375 1045 436 sed
1068 386 1172 437 actus

201 491 254 544 est
277 482 342 542 sibi
367 482 591 561 impossibilis
615 483 719 542 etiam
743 483 772 543 si
795 490 942 560 petatur,
960 483 1070 563 igitur
1086 483 1175 543 obli-

202 597 264 670 gat
286 608 323 649 se
347 588 389 648 ad
413 587 634 668 impossibile.
665 585 845 670 Obligatio
879 599 994 648 autem
1028 587 1074 648 ad
1111 590 1173 650 im·

201 695 366 777 possibile
390 694 484 756 nulla
514 703 566 756 est
597 714 642 756 ex
677 695 755 776 lege
790 695 929 767 divina;
966 697 1076 777 igitur
1109 695 1172 758 lex

201 801 320 862 divina
343 820 411 862 non
436 801 602 881 approbat
624 799 728 861 talem
761 799 1031 881 obligationem
1056 803 1171 882 igitur

202 907 297 968 nulla
319 916 380 968 est.
408 944 448 950 —
491 908 595 967 Tertii>
629 909 700 968 sic:
735 925 885 987 persona
917 907 985 968 alia
1018 907 1173 970 intendit

201 1023 410 1075 commutare
433 1022 638 1093 potestatem
663 1015 817 1093 corporis
841 1015 895 1074 sui
920 1032 982 1093 pro
993 1023 1172 1094 potestate

202 1120 363 1191 alterius;
388 1121 496 1200 igitur
527 1119 635 1181 credit
669 1119 774 1181 alium
786 1140 890 1200 posse
913 1130 1127 1182 commutare
1150 1141 1172 1182 e

200 1245 388 1297 converso;
414 1227 474 1287 sed
509 1245 577 1287 non
613 1234 737 1306 potest,
772 1229 854 1306 quia
888 1226 991 1288 habet
1026 1228 1173 1307 impedi-

201 1342 353 1394 mentum
377 1343 600 1413 perpetuum;
626 1333 735 1414 igitur
758 1334 823 1394 hoc
850 1341 904 1394 est
938 1353 1032 1395 error
1065 1336 1171 1414 perti·

202 1459 287 1500 nens
311 1439 355 1500 ad
379 1439 508 1518 aliquid
532 1439 625 1519 quod
648 1448 702 1500 est
725 1458 786 1519 per
809 1458 847 1500 se
881 1441 1086 1519 requisitum
1123 1441 1169 1500 ad

200 1554 422 1606 contractum.
448 1545 544 1607 Talis
567 1554 681 1607 autem
705 1565 799 1607 error
832 1543 914 1607 facit
952 1555 1167 1608 contractum

201 1652 343 1721 nullum,
369 1663 406 1714 ut
430 1670 534 1732 supra
557 1653 686 1713 dictum
709 1662 772 1724 est;
798 1671 893 1734 ergo.

292 1862 480 1926 Sectmda
496 1863 715 1928 Comicae-io
726 1872 780 1925 est
792 1864 884 1944 quod
897 1866 1100 1944 impotentia
1113 1885 1167 1928 se·

200 1988 310 2049 quens
322 1969 576 2030 matrimonium
593 1981 843 2038 consumatum,
859 1979 1167 2052 quantumcunque

200 2078 246 2139 sit
269 2086 471 2157 perpetuum
497 2097 564 2138 non
589 2077 732 2159 impedit
758 2079 1025 2140 matrimonium.
1057 2077 1167 2161 Cujus

200 2184 288 2244 ratio
311 2193 364 2244 est
388 2184 469 2263 quia
495 2184 566 2263 jam
601 2194 755 2264 potestas
789 2194 842 2245 est
876 2186 1012 2255 tradita,
1036 2194 1072 2247 et
1105 2185 1166 2247 ille

200 2290 255 2351 cui
279 2287 343 2351 fuit
367 2290 492 2351 tradita
515 2292 656 2355 intravit
680 2291 714 2352 in
742 2292 1019 2371 possessionem3
1056 2293 1165 2373 igitur

201 2414 278 2457 non·
293 2405 407 2475 potest
430 2397 581 2458 revocari
614 2406 755 2477 propter
788 2397 1071 2477 impedimentum
1104 2398 1166 2459 ali·

200 2501 293 2582 quod
316 2504 573 2581 superveniens.

290 2604 359 2669 Sed
383 2608 465 2688 quid
489 2611 517 2669 si
550 2607 831 2688 impedimentum
863 2608 950 2671 illud
983 2619 1164 2671 concurrat

199 2723 279 2794 post
295 2715 549 2775 matrimonium
565 2723 677 2776 ratum
695 2734 763 2775 non
781 2724 895 2775 tamen
912 2725 1163 2784 consumatum,

199 2820 355 2899 nunquid
386 2820 453 2880 tale
477 2819 759 2899 impedimentum
774 2822 926 2901 impedit
949 2830 1162 2883 contractum

200 2926 433 2986 matrimonii?
459 2960 500 2969 -
525 2926 580 2986 Ad
601 2926 656 2985 hoc
677 2926 794 2987 dicitur
816 2926 910 3007 quod
933 2926 993 2997 sic,
1018 2928 1102 3007 quia
1123 2937 1162 2988 ut

199 3032 344 3093 habetur
374 3048 427 3107 33.
464 3054 493 3110 q.
519 3050 547 3092 2.
583 3053 608 3093 c.
633 3052 661 3093 r.
697 3029 905 3115 Conjugium
939 3032 1164 3095 confirmatur

199 3136 320 3207 officio,
346 3138 406 3199 sed
430 3150 611 3219 antequam
647 3138 866 3201 confirmetur
900 3140 1163 3220 impossibilitas

199 3242 300 3305 officii
326 3245 430 3305 solvit
454 3244 641 3306 vinculum.

292 3350 432 3411 Contra:
461 3370 522 3431 per
556 3354 811 3415 matrimonium
845 3363 958 3413 ratum
993 3361 1047 3414 est
1081 3353 1164 3414 data

198 3465 352 3538 potestas
376 3476 555 3538 corporum
570 3478 576 3531 ;
602 3460 710 3540 igitur
733 3461 762 3520 si
779 3459 965 3539 impeditur
980 3478 1075 3529 usus,
1092 3477 1163 3521 non

199 3573 338 3643 propter
361 3564 426 3624 hoc
442 3564 574 3626 tollitur
589 3567 677 3627 ratio
689 3566 897 3646 praecedens.
915 3600 957 3610 -
974 3566 1158 3643 Resporm'o,
