2600 4200
325 226 514 289 D1sr1ncr.
540 225 693 288 XXXII
721 225 872 306 Quasi.
897 226 950 288 III
1035 248 1094 306 301

162 405 216 465 nis
240 405 414 474 naturalis
438 404 494 466 vel
517 406 606 466 sicut
629 405 781 466 conditio
815 405 1047 466 demonstrata
1075 425 1123 467 ex

161 510 231 572 illis
254 512 441 590 principiis.
477 513 553 570 Alio
586 513 675 571 modo
708 513 909 574 secundario
943 513 1036 592 quod
1067 520 1122 574 est

160 634 348 678 consonum
373 616 547 678 dictamini
571 619 713 679 rationis
737 618 901 679 naturalis
917 637 979 697 pro
995 617 1070 678 loco
1086 627 1123 678 et

160 731 323 802 tempore.
349 759 390 766 —
415 721 541 784 Contra
563 724 712 814 primum
736 723 829 785 nulla
863 723 955 785 cadit
988 723 1124 805 dispen-

161 829 249 890 satio
273 837 307 890 et
329 829 406 889 ideo
430 829 625 908 oppositum
650 829 723 909 ejus
747 828 949 909 simpliciter
970 838 1024 890 est
1046 847 1123 909 pec-

160 920 284 1004 catum,
309 934 370 995 sed
392 944 511 996 contra
534 935 721 997 secundum
745 936 831 996 bene
864 936 956 996 cadit
987 935 1123 1015 dispen-

160 1041 248 1101 satio
272 1042 307 1102 in
330 1059 422 1110 casu,
447 1050 481 1102 et
505 1042 571 1102 isto
605 1042 708 1102 modo
741 1041 961 1122 monogamia
994 1053 1047 1103 est
1078 1042 1122 1103 de

160 1145 238 1227 lege
263 1155 403 1216 naturae,
428 1147 580 1228 bigamia
602 1166 685 1208 vero
709 1157 827 1210 contra
850 1147 962 1228 legem
977 1157 1119 1209 naturae.

161 1249 230 1313 Sed
254 1254 289 1314 in
313 1253 377 1314 hoc
400 1254 492 1332 quod
515 1253 643 1315 dictum
661 1263 715 1315 est
731 1255 766 1314 in
782 1273 864 1316 casu
880 1254 972 1315 cadit
987 1254 1122 1334 dispen-

159 1359 248 1419 satio
271 1367 306 1420 et
328 1378 389 1438 per
411 1360 476 1420 hoc
492 1369 587 1440 patet
603 1359 646 1420 ad
663 1370 904 1440 argumentum
920 1359 1119 1440 principale.

505 1604 687 1687 QuAEsno
712 1606 774 1668 ΙΙΙ.

282 1749 339 1808 Ad
358 1751 481 1808 tertiam
508 1749 718 1823 Quaestionem
740 1751 785 1810 sic
801 1751 999 1828 proceditur:

249 1888 396 1951 Videtur
419 1891 511 1970 quod
534 1891 695 1971 bigamus
718 1900 796 1952 ante
818 1892 1027 1972 baptismum
1044 1912 1122 1973 pos-

159 1995 206 2057 sit
228 2005 307 2075 post
329 1997 537 2076 baptismum
561 1998 605 2058 ad
617 2015 733 2058 sacros
750 1995 898 2060 Ordines
914 2001 1122 2079 promoveri,¹

159 2103 241 2182 quia
264 2112 302 2163 ut
325 2103 449 2165 dicitur
473 2104 557 2164 Dist.
582 2110 633 2165 26.
657 2126 682 2165 c.
706 2124 734 2165 r.
759 2115 794 2166 et
827 2114 881 2166 est
915 2104 1120 2186 Hieronymi

159 2211 194 2268 in
217 2210 318 2287 Epist.
343 2213 411 2287 ejus
432 2211 476 2271 ad
502 2211 693 2270 Occeanum:
728 2212 785 2291 qui
810 2221 888 2273 ante
911 2212 1121 2291 baptismum

158 2315 339 2397 conjugem
364 2316 493 2387 habuit,
519 2334 597 2397 quae
621 2317 741 2379 habuit
764 2317 851 2378 duos
875 2319 978 2388 viros,
1003 2338 1072 2379 non
1087 2320 1120 2379 ei

158 2422 360 2501 imputatur;
386 2423 447 2484 sed
471 2424 697 2502 imputaretur
719 2424 783 2484 hoc
807 2424 873 2485 sibi
898 2426 926 2485 si
951 2444 1019 2485 non
1043 2443 1122 2504 pos-

158 2537 213 2588 set
235 2527 278 2587 ad
301 2546 416 2589 sacros
440 2526 587 2591 Ordines
610 2531 819 2609 promoveri;
845 2530 962 2611 igitur,
994 2542 1057 2592 etc.

253 2634 378 2695 Contr'a.
403 2670 445 2679 -
470 2636 555 2695 Dist.
581 2640 641 2705 26„
670 2646 705 2696 et
727 2636 893 2715 accipitur
924 2655 945 2696 a
975 2636 1015 2697 B.
1048 2636 1122 2698 Au·

157 2741 300 2821 gustino
324 2760 428 2820 super
450 2742 551 2817 Epist.
575 2742 620 2801 ad
648 2743 763 2810 Titum,
791 2742 849 2802 ubi
874 2741 998 2803 dicitur
1028 2744 1121 2823 quod

157 2847 292 2907 acutius
316 2846 514 2929 intelligunt
530 2848 589 2927 qui
606 2857 736 2929 negant
752 2848 928 2930 bigamum
945 2849 988 2909 ad
1004 2868 1122 2911 sacros

159 2950 307 3015 Ordines
330 2954 614 3034 promovendum;
639 2972 735 3035 ergo,
748 2964 814 3015 etc.

248 3059 310 3119 Au
319 3072 434 3121 rsrnu
445 3057 710 3138 Quffisrromau
723 3070 817 3140 patet
828 3079 890 3140 per
901 3080 1019 3121 omnes
1028 3062 1121 3141 quod

157 3164 352 3244 hujusmodi
376 3166 536 3246 bigamus
560 3186 628 3227 non
652 3176 768 3245 potest
783 3166 827 3227 ad
839 3186 955 3228 sacros
972 3165 1126 3230 Ordines*

157 3273 352 3350 promoveri
376 3281 414 3332 ut
436 3274 575 3351 ponitur
598 3273 633 3333 in
657 3270 804 3342 Conone,
823 3274 908 3333 Dirt.
921 3278 971 3334 26.
988 3295 1013 3335 c.
1024 3275 1123 3352 proel·

156 3378 268 3454 legato.
294 3380 428 3449 Acutius
451 3385 481 3437 et
493 3378 541 3457 fit
562 3400 636 3439 una.
662 3376 732 3440 Sed
755 3380 784 3439 si
809 3398 945 3459 quaeras
968 3399 1047 3460 quae
1074 3382 1121 3443 sit

157 3501 262 3543 causa
285 3484 547 3565 irregularitatis
572 3485 607 3545 in
629 3485 783 3565 bigamia
798 3494 877 3547 ante
892 3486 1117 3565 baptismum;

156 3590 384 3668 respondetur
406 3590 586 3670 tripliciter
608 3591 796 3652 secundum
820 3601 889 3653 tres
913 3594 1102 3672 opiniones.
