2600 4200
304 281 488 346 D15T11vcv.
517 283 603 346 XIV
627 283 774 365 QUAEST.
800 284 814 346 Ι
991 301 1046 346 ιιι

124 486 316 560 tualiter,sed
338 460 437 550 etiam
460 488 639 551 actualiter.
661 487 706 550 Et
729 487 792 551 hoc
815 489 972 571 probatur
995 491 1074 552 duo

125 589 176 652 bus
197 595 320 656 modis:
345 615 408 657 uno
432 597 523 658 niodo
546 596 636 677 quod
661 595 724 658 hoc
743 594 800 657 fiat
824 596 918 658 unica
942 596 1072 668 visione,

125 699 180 760 alio
200 701 288 764 modo
299 702 391 784 quod
415 700 472 764 fiat
495 702 606 764 multis
628 709 661 764 et
677 703 814 785 propriis
838 703 1023 777 visionibus
1041 713 1073 766 et

125 823 305 889 quocunque
330 809 430 870 modo
453 809 672 890 cognoscendi
697 807 759 870 hoc
781 818 931 891 ponatur,
957 807 1073 872 dicitur

125 913 201 990 quod
222 913 284 976 hoc
307 924 358 976 est
380 915 485 977 active
512 936 555 977 ex
590 923 683 995 parte
717 914 836 978 divinae
871 917 1018 978 essentiae
1042 925 1074 977 et

125 1019 235 1097 passive
256 1042 300 1082 ex
324 1030 417 1102 parte
444 1021 563 1084 animae
588 1021 717 1085 Christi.

183 1122 318 1193 Contra
342 1123 410 1194 hoc
433 1128 586 1208 objicitur
610 1129 687 1209 quia
713 1139 790 1190 tunc
814 1129 922 1190 anima
954 1129 1072 1192 Christi

123 1251 187 1310 quae
208 1243 256 1295 est
278 1233 372 1295 finita
398 1243 610 1316 cognosceret
643 1243 718 1296 actu
755 1234 888 1310 infinita,
913 1236 1003 1317 quod
1027 1245 1075 1297 est

123 1347 222 1400 contra
244 1341 483 1422 Philosophum
506 1361 536 1404 2.
556 1341 703 1423 Metaplr.
722 1343 778 1404 ubi
801 1343 878 1406 dicit
901 1345 990 1424 quod
1009 1364 1072 1404 non

123 1447 268 1528 contingit
292 1446 418 1511 infinita
442 1449 642 1531 pertransire.

180 1552 352 1626 Proeterea,
372 1558 398 1616 si
418 1556 527 1617 anima
544 1555 662 1619 Christi
680 1556 768 1617 videt
784 1556 950 1618 actualiter
966 1555 1075 1617 omnia

122 1677 189 1736 quae
210 1661 361 1724 Verbum
385 1663 484 1735 videt,
496 1672 554 1724 aut
577 1661 641 1725 hoc
664 1671 747 1725 esset
771 1663 928 1724 distinctis
951 1663 1075 1724 visioni-

123 1761 184 1835 bus,
200 1777 256 1829 aut
271 1769 369 1830 unica
385 1769 516 1831 visione.
530 1770 606 1831 Non
614 1771 725 1851 primo
738 1770 837 1843 ruodo,
856 1770 931 1850 quia
948 1769 1075 1831 finitum

122 1884 248 1935 nonest
271 1896 381 1956 capax
404 1875 601 1938 infinitarum
625 1877 799 1949 visionum,
823 1876 932 1938 anima
966 1886 1076 1938 autem

122 1975 230 2041 Christi
256 1991 307 2043 est
342 1979 442 2043 finita.
468 1982 544 2044 Non
578 1983 677 2045 etiam
713 1983 849 2044 secundo
876 1983 976 2056 neoda,
1001 1984 1077 2063 qnia

122 2086 280 2163 quodlibet
302 2087 427 2151 visibile
457 2089 626 2172 proprium
662 2090 761 2152 habet
795 2089 960 2172 propriam
984 2089 1077 2152 visio-

122 2210 209 2269 nem;
232 2215 314 2277 ergo
336 2196 419 2258 sicut
448 2206 614 2278 ponuntur
641 2197 674 2259 in
698 2196 810 2259 Verbo
845 2196 970 2259 infinita
1004 2198 1076 2259 visi-

122 2296 197 2370 bilia,
220 2302 266 2364 ita
289 2311 458 2383 ponuntur
481 2304 524 2366 ibi
549 2303 683 2367 infinitae
708 2304 855 2367 visiones.

182 2406 222 2468 Si
242 2409 319 2489 quis
340 2420 449 2471 autem
474 2411 569 2472 vellet
592 2410 687 2472 istam
712 2410 899 2492 opinionem
924 2411 1079 2474 sustinere

122 2512 180 2574 cito
202 2525 312 2595 posset
347 2516 446 2578 sede
480 2516 548 2578 istis
584 2516 822 2599 objectionibus
846 2518 1009 2598 expedire,
1035 2519 1078 2578 di·

122 2620 218 2683 cendo
240 2623 332 2704 quod
349 2623 410 2685 ista
433 2624 513 2686 visio
529 2644 595 2686 non
612 2623 649 2685 fit
665 2624 783 2686 virtute
806 2625 925 2686 animae
951 2624 1078 2696 Christi,

121 2727 190 2806 quia
211 2738 292 2791 tunc
316 2730 547 2793 concluderent
571 2732 719 2805 rationes,
752 2732 808 2793 sed
835 2730 871 2793 fit
895 2732 1013 2793 virtute
1037 2732 1081 2793 di-

123 2852 200 2896 vina.

187 3048 358 3133 Quam
394 3051 547 3133 opae'm'o
580 3061 629 3113 est
665 3050 761 3115 Guill.
797 3052 954 3115 Varronis
992 3053 1081 3133 quod

120 3154 224 3217 anima
248 3157 368 3221 Christi
393 3158 482 3220 videt
504 3158 616 3220 omnia
638 3178 713 3240 quae
742 3158 830 3221 videt
853 3160 1001 3221 Verbum
1026 3159 1082 3221 ha-

122 3259 288 3337 bitualiter,
302 3284 368 3326 non
391 3273 502 3327 tamen
520 3286 576 3347 per
592 3264 743 3328 habitum
763 3264 986 3343 inhaerentem‚
1000 3266 1082 3328 sicut

121 3369 260 3446 ponebat
282 3372 425 3433 secunda
449 3371 570 3452 opinio,
583 3371 640 3433 sed
665 3392 721 3453 per
746 3370 808 3434 hoe
832 3372 921 3453 quod
934 3372 1082 3433 Verbum

121 3476 274 3557 exprimit
303 3478 423 3541 animae
452 3477 571 3541 Christi
606 3478 767 3560 quidquid
802 3480 940 3560 exprimi
977 3488 1083 3561 potest

123 3580 187 3643 sine
209 3583 300 3647 omni
322 3584 551 3659 occultatione,
564 3585 606 3647 ad
622 3586 712 3667 quod
737 3586 869 3667 ponitur
892 3586 955 3648 tale
974 3606 1085 3647 exem-

122 3686 222 3767 plum.
240 3690 274 3754 Si
290 3691 321 3754 in
336 3692 449 3775 aliquo
472 3692 605 3774 speculo
629 3693 807 3756 relucerent
821 3692 936 3775 viginti
952 3692 1082 3773 species,
