2600 4200
164 266 355 329 Drsrrncr.
380 264 477 329 XXX
500 275 533 329 et
556 266 672 329 XXXI
696 265 844 348 Quns‘r.
868 266 897 328 ΙΙ
972 279 1033 344 205

98 469 215 544 absens,
239 480 272 533 et
297 470 443 533 similiter
461 481 510 534 est
544 471 586 533 de
613 492 680 553 spe.
709 472 746 533 In
768 470 925 535 charitate
947 480 1059 538 autem

99 595 157 639 nou
179 588 227 639 est
249 579 308 650 sic,
332 576 411 659 quia
422 579 582 640 invenitur
605 577 638 641 in
661 599 701 641 ea
723 578 805 641 ratio
834 577 978 640 formalis
1001 577 1062 640 ob«

96 682 215 761 jectivae
240 684 410 766 potentiae,
434 685 554 747 scilicet
577 686 659 747 ratio
683 684 770 747 boni.
991 661 1002 679 ⁹

158 789 214 851 Ad
232 791 411 853 secundam
428 792 655 873 probationem
676 791 851 853 dicendum
869 790 959 872 quod
981 810 1058 853 cum

99 894 205 959 dicitur
228 897 373 960 charitas
395 884 538 980 diligitur
561 919 581 960 a
604 898 772 971 charitate,
808 918 874 962 non
897 906 946 959 est
966 897 1059 959 intel«

9 1022 10 1081 3
100 1002 257 1084 ligendum
283 1004 376 1086 quod
398 1004 551 1086 diligatur
581 1005 643 1067 alia
667 1004 834 1077 charitate,
863 1005 919 1066 sed
942 1003 1058 1085 seipsa,

8 1086 10 1177 ξ
99 1109 173 1172 sicut
184 1111 261 1173 dicit
278 1111 490 1193 Augustinus
505 1130 536 1193 9.
554 1112 593 1173 de
614 1112 645 1173 T
640 1112 705 1173 riu.
717 1133 744 1174 c.
761 1108 792 1174 6.
806 1110 925 1189 Amor,
942 1109 1056 1192 inquit,

8 1196 10 1219 ι
98 1228 228 1293 amatur,
253 1238 321 1281 non
346 1217 409 1280 alio
431 1228 543 1281 autern
574 1238 687 1280 amore
721 1218 824 1281 amari
859 1226 976 1300 potest,
1000 1217 1059 1283 sed

98 1342 206 1405 serpso.

450 1538 628 1622 QuAEsrro
660 1539 701 1604 11.

395 1680 540 1745 Secundo
563 1682 744 1764 quaritur:

161 1839 267 1895 Utrum
285 1841 413 1896 charitas
430 1840 627 1896 remanentia
646 1838 743 1909 patna
760 1839 804 1894 itu
821 1838 897 1907 quod
918 1852 976 1892 uun
993 1852 1059 1893 ora·

97 1929 214 1983 tucturt

159 2072 299 2137 Videtur
322 2074 413 2156 quod
444 2094 521 2149 non,
557 2072 633 2156 quia
657 2072 739 2136 ratio
763 2070 918 2154 Apostoli
944 2088 973 2135 1.
1005 2066 1060 2135 Co«

98 2179 194 2242 rintt.
218 2202 243 2243 c.
269 2199 323 2260 15.
339 2179 382 2243 ad
404 2181 614 2262 probandum
638 2180 729 2261 quod
752 2178 804 2241 alii
828 2178 959 2241 habitus
981 2197 1059 2240 eva-

99 2299 239 2363 cuentur,
266 2298 317 2350 est
350 2288 441 2369 quod
475 2287 519 2349 illi
555 2287 685 2349 habitus
707 2293 784 2349 sunt
806 2306 851 2348 ex
874 2295 975 2367 parte.
1000 2284 1057 2352 Ex

98 2405 184 2473 parte
206 2395 304 2468 enim,
329 2394 443 2476 inquit,
467 2393 697 2476 cognoscimus
720 2401 819 2454 etex
853 2401 946 2473 parte
980 2411 1055 2473 pro·

98 2499 284 2579 phetamus;
309 2521 386 2564 curn
409 2508 518 2563 autern
540 2499 664 2562 venerit
686 2499 777 2582 quod
794 2498 978 2580 perfectum,
997 2507 1055 2572 est,

97 2607 302 2670 evacuabitur
325 2607 416 2690 quod
438 2628 481 2669 ex
505 2615 597 2689 parte
620 2615 668 2668 est
681 2627 689 2682 ;
713 2607 770 2668 sed
798 2605 938 2666 charitas
968 2624 1058 2668 nunc

97 2721 207 2776 estex
230 2725 322 2798 parte
345 2715 422 2798 quia
445 2712 644 2795 imperfecta,
668 2713 748 2776 alias
781 2731 858 2774 cum
887 2711 919 2772 in
943 2731 981 2772 ea
1005 2711 1057 2774 ‹sit

97 2818 260 2884 beatitudo
282 2830 368 2884 esset
390 2820 504 2903 aliquis
531 2817 674 2902 perfecte
697 2818 855 2882 beatusin
881 2818 951 2891 via;
977 2836 1058 2898 ergo

98 2925 232 2990 charitas
255 2949 321 2990 non
354 2932 474 2990 manet.
499 2925 533 2990 Si
561 2926 649 2989 dicas
684 2925 773 3008 quod
809 2945 875 2986 non
912 2921 1058 3005 sequitur

98 3053 168 3094 eum
181 3055 250 3096 esse
265 3036 399 3099 beatum
419 3033 496 3116 quia
508 3033 677 3096 beatitudo
690 3051 756 3094 non
773 3030 919 3093 consistit
942 3029 974 3092 in
999 3027 1056 3090 ha-

97 3139 162 3202 bitu
185 3143 243 3204 sed
266 3141 298 3204 in
322 3149 408 3215 actu,
432 3148 469 3202 ut
492 3139 586 3222 ponit
608 3138 802 3201 Aristoteles
837 3155 866 3200 Ι.
890 3145 922 3198 et
943 3154 995 3199 10.
1009 3137 1057 3198 E-

97 3243 171 3309 thie.
185 3247 317 3312 Contra.
343 3247 532 3311 Secundum
558 3245 789 3328 perfectionem
803 3243 932 3305 habitus
948 3250 1058 3324 potest

97 3353 163 3416 elici
186 3363 298 3430 actus;
322 3375 402 3436 ergo
418 3352 442 3416 si
459 3352 598 3415 charitas
622 3373 709 3415 nunc
733 3352 765 3413 in
781 3351 833 3412 via
857 3359 1056 3431 potestesse

98 3457 236 3540 perfecta
259 3461 342 3524 sicut
365 3461 398 3522 in
422 3459 535 3542 patria,
552 3459 697 3540 sequitur
716 3458 806 3540 quod
830 3467 921 3520 actus
948 3463 1057 3537 potest

98 3566 164 3628 elici
187 3587 281 3649 aeque
304 3565 475 3648 perfectus,
499 3575 532 3628 et
556 3585 611 3646 per
634 3585 837 3646 consequens
858 3570 965 3645 potest
987 3581 1058 3623 esse

99 3670 204 3736 fruitio
228 3675 293 3738 sive
317 3673 486 3736 beatitudo
510 3672 542 3734 in
567 3673 628 3737 via.
