2600 4200
125 399 198 450 sua,
224 380 285 441 sed
309 400 427 443 omnes
451 382 551 461 ignes
574 382 633 461 qui
650 392 732 442 sunt
748 381 812 442 sub
829 391 919 442 terra
934 393 969 443 et
985 401 1089 463 supra

125 497 252 548 terram
276 497 480 549 concurrant
503 487 546 548 ad
577 489 678 549 istam
703 486 1016 569 conflagrationem.
1042 487 1088 550 Et

124 593 190 654 hoc
214 593 351 654 videtur
383 594 473 654 velle
508 593 732 676 Augustinus
766 613 816 656 20.
842 595 893 655 De
921 596 986 656 Cio.
1012 596 1086 656 Dei.

124 699 257 782 Figura
279 702 380 769 enim,
405 701 527 780 inquit,
552 701 653 780 hujus
687 701 804 762 mundi
837 702 1087 762 mundanorum

125 807 259 887 ignium
282 804 552 887 conflagratione
563 807 699 885 peribit,
713 807 802 869 sicut
825 805 951 868 factum
976 816 1029 868 est
1052 809 1087 868 in

126 912 269 974 diluvio,

214 1124 278 1191 De
290 1124 412 1188 tertio
423 1122 629 1199 misoclo,
650 1124 780 1186 scilicet
793 1135 958 1204 quantum
975 1145 1089 1188 ascen·

124 1230 182 1291 det
207 1232 299 1311 ignis
315 1230 383 1299 ille,
400 1231 477 1292 dico
494 1232 586 1312 quod
602 1231 756 1293 ascendit
773 1240 904 1293 tantum
922 1243 1086 1313 quantum

124 1337 249 1397 durant
260 1356 403 1416 corpora
419 1338 673 1399 combustibilia
689 1347 723 1400 et
739 1339 925 1418 passibilia.
937 1338 992 1408 Et,
1006 1340 1086 1420 quia

125 1462 269 1524 corpora
291 1443 447 1504 coelestia
470 1462 538 1505 non
562 1445 738 1523 receptiva
749 1444 870 1505 alienae
896 1446 1088 1524 impressio-

125 1552 189 1620 nis,
215 1551 291 1612 dico
314 1551 406 1630 quod
423 1560 588 1629 quantum
620 1551 721 1613 durat
748 1552 896 1630 spatium
908 1553 1087 1613 continens

124 1657 341 1727 elementum,
366 1667 498 1718 tantum
523 1657 684 1719 ascendet
706 1656 843 1719 flamma
857 1678 923 1720 non
937 1658 1024 1738 plus.
1040 1657 1086 1720 Et

124 1765 174 1825 sic
199 1764 351 1825 ascendit
374 1764 578 1843 plusquam
603 1783 692 1844 aqua
716 1764 847 1825 diluvii.

214 1976 278 2039 De
301 1982 453 2055 nucerio
478 1974 683 2052 Articnlo,
708 1985 788 2037 sunt
812 1986 881 2037 tres
912 1977 1004 2038 modi
1041 1977 1088 2039 di·

123 2084 244 2145 cendi:
276 2085 366 2144 Urius
389 2083 469 2145 talis
492 2093 554 2155 est,
579 2084 671 2163 quod
695 2083 824 2164 duplex
837 2094 890 2145 est
909 2084 1085 2164 judicium,

124 2192 255 2252 scilicet
278 2192 478 2271 defininbnz's,
507 2201 541 2252 et
565 2191 657 2252 istud
681 2192 845 2271 praecedit
862 2192 988 2272 ignem,
1006 2193 1088 2271 quia

124 2308 204 2359 ante
227 2299 363 2359 dabitur
387 2299 556 2359 sententia
579 2308 699 2359 contra
721 2298 831 2359 malos
855 2316 957 2377 quam
982 2298 1084 2379 ignis

125 2404 212 2465 Item
236 2414 289 2465 est
308 2405 474 2484 judicium
506 2406 708 2472 executionis,
736 2414 770 2465 et
805 2405 898 2466 istud
933 2405 1087 2484 sequitur

124 2512 242 2592 ignem
266 2512 347 2591 quia
370 2511 505 2590 reprobi
530 2510 589 2571 illo
614 2512 696 2591 igne
731 2511 952 2572 involventur
986 2510 1087 2572 etad

124 2615 294 2680 infernum
318 2618 537 2678 deducentur.
564 2614 633 2678 Sed
648 2626 766 2679 contra
782 2617 847 2678 hoc
864 2616 1086 2699 Augustinus

124 2734 178 2786 est
193 2727 243 2784 28.
270 2724 320 2783 De
348 2724 413 2783 civ.
432 2724 504 2791 Dei,
522 2724 579 2801 qui
598 2723 681 2784 dicit
693 2722 784 2803 quod
797 2722 958 2803 judicatis
972 2724 1086 2801 impiis

123 2840 159 2892 et
183 2832 217 2892 in
242 2840 408 2891 aeternum
432 2832 549 2911 ignem
573 2831 700 2899 missis,
724 2828 837 2911 figura
848 2830 949 2909 hujus
966 2830 1084 2890 mundi

125 2937 374 2998 mundanorum
409 2937 543 3018 ignium
578 2934 848 3017 conflagratione
883 2936 1017 3016 peribit.
1043 2972 1084 2979 —-

124 3046 221 3104 Alius
244 3045 352 3103 modus
374 3044 508 3104 dicendi
532 3053 585 3104 est
608 3043 701 3123 quod
726 3041 783 3105 ille
799 3044 893 3124 ignis
909 3043 1012 3104 habet
1028 3044 1086 3104 du-

125 3150 249 3231 plicem
273 3148 441 3220 effectum,
467 3150 597 3211 scilicet
613 3156 761 3227 purgare
784 3160 819 3211 et
843 3152 1001 3210 innovare.
1016 3148 1086 3210 Ra·

125 3259 219 3319 tione
242 3258 380 3337 quidem
404 3258 621 3338 purgationis
644 3257 810 3337 praecedit
829 3256 1006 3335 judicium,
1025 3256 1085 3317 sed

123 3366 257 3425 ratione
280 3366 513 3426 innovationis
547 3365 711 3447 sequitur.
742 3363 866 3423 Contra.
892 3362 954 3423 Isti
990 3360 1086 3423 effec-

124 3482 181 3533 tus
204 3471 336 3532 scilicet
369 3472 534 3531 innovare
568 3479 603 3531 et
636 3487 786 3550 purgare
820 3470 856 3529 in
892 3470 973 3550 igne
1004 3476 1085 3529 sunt

123 3578 295 3658 conjuncti
331 3587 364 3638 et
399 3576 441 3637 ab
470 3577 617 3638 invicem
643 3575 899 3655 inseparabiles,
925 3575 1001 3636 ideo
1026 3575 1084 3636 ille

1031 3712 1057 3753 ἔ)
