2600 4200
313 242 501 303 Drs‘rruc‘r.
526 242 607 303 VIII
632 241 779 322 Qurusr.
804 243 835 305 II
921 316 922 325 ἵ
1028 260 1069 327 73

119 447 219 508 realia
244 447 366 508 scilicet
379 457 496 508 natura
520 446 666 508 humana
689 457 720 508 et
737 448 855 522 divina,
873 457 904 510 et
926 459 1093 530 ponuntur

121 554 190 615 duo
228 553 359 614 termini
398 554 523 615 realiter
562 553 745 616 differentes
780 555 899 616 scilicet
934 566 1026 637 pater
1061 567 1094 618 et

122 671 247 735 mater;
271 680 362 740 ergo

189 767 363 828 Praeterea.
388 766 489 828 Actio
508 775 558 829 est
582 767 739 849 suppositi
758 767 839 829 sicut
853 769 974 844 relatio,
989 769 1093 831 immo

123 873 240 954 magis,
264 874 343 954 quia
366 874 492 954 operari
516 874 702 936 attribuitur
725 877 912 956 supposito;
938 877 994 937 sed
1027 896 1091 938 non

122 980 276 1042 obstante
299 980 423 1041 unitate
446 981 604 1062 suppositi
629 992 796 1062 ponuntur
820 983 851 1044 in
873 983 1004 1046 Christo
1021 983 1092 1065 plu-

122 1107 175 1146 res
197 1087 420 1167 operationes;
444 1108 524 1168 ergo
548 1088 691 1149 similiter
716 1089 823 1169 plures
848 1088 1019 1151 filiationes
1042 1089 1092 1150 vel

125 1194 307 1255 relationes,

192 1301 363 1364 Praeterea.
389 1299 495 1363 Causa
518 1310 551 1361 et
573 1301 706 1363 effectus
730 1301 774 1362 sic
799 1323 832 1363 se
857 1301 980 1364 habent
1003 1304 1092 1383 quod

121 1407 259 1488 quando
282 1417 331 1468 est
355 1407 466 1468 relatio
489 1407 582 1468 realis
605 1408 636 1468 in
661 1429 758 1469 causa
783 1417 891 1489 potest
908 1410 1007 1470 etiarn
1024 1430 1092 1470 esse

122 1513 218 1576 realis
241 1515 272 1575 in
296 1513 430 1586 effectu,
454 1514 511 1575 sed
535 1535 601 1576 non
624 1533 826 1588 econverso
846 1515 929 1577 sicut
946 1525 1035 1597 patet
1052 1516 1093 1577 de

123 1621 199 1682 Deo
222 1628 255 1682 et
278 1630 435 1700 creatura,
452 1621 541 1702 quod
566 1621 639 1683 licet
663 1621 703 1682 sit
728 1623 840 1684 relatio
853 1633 1010 1684 creaturae
1029 1643 1093 1683 rea-

122 1729 161 1791 lis
184 1728 228 1789 ad
253 1727 374 1800 Deum,
399 1747 464 1788 non
488 1738 598 1789 tamen
622 1737 670 1790 est
696 1728 808 1789 relatio
841 1729 932 1790 realis
965 1729 1026 1790 Dei
1050 1731 1092 1790 arl

121 1845 299 1906 craturam‚
312 1842 345 1894 et
369 1855 429 1915 pro
452 1834 514 1895 hoc
537 1843 630 1895 tanto
654 1844 703 1896 est
728 1835 803 1915 quia
828 1835 961 1897 effectus
990 1835 1093 1916 magis

121 1941 289 2022 dependet
311 1962 331 2001 a
362 1961 459 2001 causa
498 1961 598 2021 quam
637 1963 657 2002 e
680 1961 859 2018 converso;
899 1943 955 2003 sed
992 1951 1093 2003 mater

122 2049 245 2112 Christi
269 2057 319 2110 est
342 2068 439 2109 causa
463 2046 582 2111 Christi
605 2056 638 2110 et
663 2047 810 2112 Christus
834 2057 882 2111 est
906 2048 1048 2123 effectus
1061 2059 1093 2111 et

121 2165 253 2218 constat
275 2155 366 2235 quod
391 2164 494 2216 mater
517 2154 636 2217 Christi
660 2164 708 2216 est
744 2155 836 2217 realis
868 2166 970 2217 mater
1005 2156 1091 2236 ejus;

120 2284 203 2343 ergo
228 2261 377 2325 Christus
400 2270 448 2323 est
471 2262 596 2322 realiter
620 2260 704 2323 filius
728 2262 806 2342 ejus
834 2262 899 2325 Sed
924 2282 989 2324 non
1014 2260 1091 2323 filia-

120 2370 213 2432 tione
234 2368 397 2444 aeternali;
420 2388 501 2448 ergo
524 2366 678 2429 filiatione
701 2369 872 2449 temporali
897 2377 928 2429 et
946 2390 1001 2449 per
1019 2389 1093 2429 con-

119 2496 263 2557 sequens
286 2483 362 2537 sunt
385 2474 429 2535 ibi
453 2475 528 2535 duae
552 2473 723 2536 filiationes
739 2476 830 2556 quia
854 2476 1033 2557 temporale
1061 2485 1093 2535 et

119 2595 285 2644 aeternum
310 2590 438 2662 ponunt
462 2581 493 2642 in
519 2600 704 2643 numerum.

189 2688 321 2751 Ultimo
344 2686 398 2750 sic.
424 2686 457 2749 Si
482 2697 599 2749 natura
622 2695 790 2768 assumpta
810 2708 829 2748 a
846 2687 957 2749 Verbo
982 2686 1092 2748 dimit-

118 2805 253 2867 teretur,
278 2793 389 2855 statim
413 2802 495 2856 esset
512 2814 649 2875 persona
663 2794 730 2855 sine
746 2794 855 2875 aliquo
867 2794 1019 2855 absoluto
1036 2795 1091 2855 ad-

117 2903 275 2965 veniente
294 2909 330 2973 et
353 2900 405 2961 ille
428 2900 528 2963 homo
551 2909 635 2962 esset
659 2921 733 2961 vere
757 2899 840 2961 filius
864 2900 1010 2981 Virginis
1024 2899 1092 2961 Ila-

117 3010 187 3072 tris.
215 3008 272 3070 Ex
295 3007 359 3068 hoc
383 3007 529 3089 arguitur
551 3007 606 3071 sic.
632 3006 730 3068 Nulla
767 3007 878 3069 relatio
914 3016 1021 3087 potest
1052 3007 1093 3067 de

118 3136 211 3179 novo
234 3112 389 3176 advenire
411 3114 505 3175 alicui
529 3113 589 3175 nisi
613 3134 670 3195 per
687 3114 865 3175 adveutum
883 3113 1019 3192 alicujus
1036 3112 1093 3173 ab·

118 3221 240 3285 soluti:
265 3240 346 3302 ergo
370 3240 445 3281 curn
470 3220 596 3282 nullum
620 3220 808 3281 absolutum
834 3229 975 3302 ponatur
999 3219 1093 3279 adve-

117 3329 189 3391 nire
214 3327 258 3389 illi
283 3336 408 3387 naturae
432 3326 573 3389 dimissae
601 3347 661 3388 nec
700 3326 791 3387 alteri
829 3334 979 3387 extremo
1011 3324 1094 3385 idest

117 3434 263 3517 Virgini,
289 3442 369 3494 tunc
392 3433 479 3495 nulla
502 3432 612 3494 relatio
637 3441 745 3514 potest
769 3433 809 3494 de
832 3453 918 3494 novo
942 3430 1093 3492 advenire

116 3542 184 3605 illae
209 3549 340 3602 naturae
363 3539 518 3623 dImissae3
542 3559 622 3621 ergo
645 3560 722 3601 curn
747 3548 826 3601 tunc
850 3538 891 3599 sit
914 3557 988 3598 vere
1010 3535 1094 3597 hlius

115 3645 272 3731 Virginis
295 3646 440 3727 sequitur
462 3646 553 3727 quod
577 3646 678 3708 modo
707 3646 805 3708 etiarn
839 3644 879 3706 sit
914 3663 988 3705 vere
1011 3642 1095 3704 filius
