2600 4200
219 238 280 300 186
438 237 512 299 Lu.
538 236 583 299 111
608 236 904 301 Saurauamnuu

995 354 1160 365 -——--.-

191 444 281 523 quod
305 462 379 524 spes
410 451 458 504 est
481 442 585 504 virtus
619 442 771 505 distincta
793 462 813 503 a
836 440 901 503 fide
934 450 967 502 et
990 440 1158 517 charitate,

191 548 268 629 quia
291 547 475 631 Apostolus
494 566 524 611 1.
546 546 695 613 Corintlz.
713 565 765 628 15.
781 547 876 609 dicit:
901 546 999 609 Nunc
1022 552 1161 612 manent

191 655 280 727 fides,
305 674 388 735 spes,
413 654 562 729 charitas
587 656 648 719 tria
672 655 754 717 haec.

258 761 427 837 Praeterea,
452 761 582 824 habitus
615 761 864 843 distinguuntur
898 781 997 843 penes
1027 761 1159 842 objecta

190 889 232 931 ex
254 866 286 931 6.
311 866 458 949 Metapa.
482 878 514 930 et
536 889 578 931 ea·
601 866 631 930 6.
654 867 793 941 Etln'c.,·
818 867 874 929 sed
897 867 1064 948 objectum
1088 869 1159 949 spei

191 974 400 1057 distinguitur
427 974 469 1037 ab
503 974 633 1055 objecto
669 974 743 1037 fidei
778 983 811 1036 et
845 972 1030 1050 charitatis;
1065 996 1157 1057 ergo.

191 1082 344 1144 Probatio
364 1081 517 1145 minoris:
535 1082 701 1162 objectum
718 1080 786 1163 spei
802 1089 850 1143 est
866 1080 991 1143 bonum
1015 1082 1157 1144 arduum

191 1190 323 1261 absens,
360 1188 511 1269 possibile
548 1197 659 1251 tamen
696 1186 814 1250 haberi.
852 1188 911 1249 Per
947 1186 1010 1249 hoc
1045 1198 1157 1250 autem

191 1296 280 1376 quod
304 1294 420 1357 dicitur
452 1294 618 1374 objectum
654 1294 789 1368 bonurn,
814 1294 1023 1375 distinguitur
1045 1314 1066 1356 a
1092 1292 1160 1357 fide

190 1401 267 1483 quia
283 1401 450 1481 objectum
467 1399 540 1463 fidei
556 1410 605 1463 est
628 1409 760 1476 veru'm;
785 1421 842 1481 per
859 1400 922 1462 hoc
937 1411 1048 1462 autem
1065 1402 1158 1482 quod

190 1508 308 1571 dicitur
332 1507 457 1581 absens
471 1506 680 1589 distinguitur
699 1528 719 1569 a
734 1506 900 1581 charitate,
917 1507 994 1588 quia
1016 1506 1160 1571 charitas

190 1624 240 1678 est
263 1624 409 1697 respectu
435 1615 603 1696 praesentis
625 1622 658 1676 et
689 1613 840 1688 absentis
864 1634 938 1695 spes
972 1624 1083 1675 autem
1113 1634 1159 1676 re·

191 1730 304 1804 spectu
329 1722 479 1784 absentis¹

258 1828 427 1901 Praeterea,
443 1828 525 1890 sicut
537 1827 693 1909 potentiae
713 1826 961 1909 distinguuntur
973 1848 1030 1908 per
1053 1837 1157 1900 actus,

192 1935 236 1996 ita
260 1935 504 2015 distinguuntur
527 1944 560 1997 et
587 1933 738 2008 habitus;
775 1934 832 1998 sed
866 1934 948 1995 alius
981 1943 1031 1995 est
1063 1943 1160 1997 actus

191 2040 258 2122 spei
283 2040 324 2103 ab
348 2041 473 2103 actibus
508 2039 581 2104 fidei
617 2049 649 2104 et
683 2039 864 2116 charitatis;
888 2060 977 2122 ergn.
1003 2039 1160 2104 Probatio

191 2148 348 2210 initiaris:
373 2149 463 2229 quod
486 2156 578 2210 actus
601 2147 669 2230 spei
693 2148 734 2210 sit
757 2147 838 2210 alius
853 2148 896 2210 ab
911 2157 986 2210 actu
1003 2146 1078 2209 fidei
1102 2169 1160 2229 pa·

191 2263 248 2328 tet,
272 2255 349 2336 quia
372 2265 464 2316 actus
487 2251 560 2316 fidei
584 2263 633 2317 est
667 2257 809 2328 credere,
834 2263 927 2316 actus
952 2265 1063 2316 autem
1088 2256 1159 2335 spei

191 2371 240 2424 est
264 2361 454 2423 desiderare.
479 2359 579 2441 Quod
602 2371 712 2424 autem
735 2370 828 2424 actus
851 2361 919 2442 spei
943 2362 985 2423 sit
1009 2361 1091 2424 alius
1114 2363 1162 2425 ab

192 2475 266 2530 actu
291 2467 455 2530 charitatis
480 2475 576 2548 patet,
602 2467 680 2548 quia
702 2476 795 2530 actus
828 2467 992 2530 charitatis
1025 2477 1075 2529 est
1098 2487 1160 2530 no·

192 2574 366 2636 bilissimus
388 2574 464 2655 quia
487 2582 535 2636 est
558 2595 600 2635 ex
616 2593 729 2636 amore
752 2575 913 2648 amicitiae,
930 2585 1023 2636 actus
1045 2583 1160 2637 autem

192 2681 259 2762 spei
285 2701 350 2743 non
374 2691 422 2743 est
446 2681 664 2742 nobilissimus
698 2679 775 2761 quia
797 2689 846 2742 est
868 2701 912 2742 ex
934 2701 1047 2743 amore
1080 2701 1161 2745 con-

192 2787 410 2869 cupiscentiae.

260 2895 428 2966 Praeterea,
454 2893 633 2956 Anselmus
656 2894 695 2956 dc
718 2915 795 2956 casu
818 2893 951 2968 diaboli,
976 2895 1069 2975 ponit
1095 2895 1161 2957 du-

193 2999 309 3081 plicem
334 2999 537 3062 affectionem
558 3000 590 3062 in
614 3001 792 3072 voluntate,
808 3000 929 3064 scilicet
951 2999 1160 3064 affectionem

190 3107 323 3189 justitia:
346 3107 605 3169 et'afsectionem
630 3107 819 3184 commodi;
844 3108 900 3170 sed
924 3107 1162 3188 affectioneju-

192 3213 288 3275 stitiae
313 3211 497 3294 perficimur
525 3213 691 3286 charitate,
715 3213 885 3276 affectione
918 3223 1030 3281 autem
1066 3234 1163 3277 com·

193 3319 283 3381 modi
308 3318 493 3399 perficimur
527 3340 605 3401 spe;
641 3341 721 3403 ergo
755 3341 829 3402 spes
852 3329 884 3383 et
916 3320 1054 3383 charitas
1090 3342 1162 3386 non

192 3435 268 3488 sunt
292 3425 388 3490 idem.
415 3427 459 3489 Et
482 3436 560 3490 tunc
584 3427 717 3490 ulterius
740 3426 875 3490 insertur
898 3428 988 3509 quod
1011 3447 1086 3509 spes
1108 3430 1162 3490 di-

193 3533 377 3613 stinguatur
400 3554 421 3593 a
443 3531 516 3607 fide,
542 3534 619 3614 quia
642 3554 716 3615 spes
738 3543 787 3596 est
814 3533 853 3610 in,
873 3535 1052 3607 voluntate,
1077 3533 1165 3599 fides

192 3647 303 3699 autem
320 3639 352 3699 in
369 3638 541 3701 intellectu.
560 3639 614 3702 Ex
631 3639 794 3722 praedictis
810 3649 917 3722 potest
933 3651 1045 3722 patere
1059 3661 1161 3725 argu·
