2600 4200
209 192 248 251 92
431 171 506 233 Lru.
532 171 583 232 IV
608 169 917 232 Seniasrmuuu

185 350 311 412 solutio
324 350 367 411 ad
383 360 538 430 quartam
556 346 793 430 Quaestionem
810 351 845 409 in
862 349 1032 428 principio
1046 348 1150 427 hujus

185 455 345 519 Distinet.
372 457 529 537 positam.

272 668 336 732 De
354 667 499 747 primo
523 665 660 728 videtur
683 664 771 728 iorte
794 667 906 737 alicui,
924 665 1016 746 quod
1031 663 1151 728 Sacra-

185 784 336 836 mentum
361 772 639 836 Confirmationis
662 783 777 853 potest
799 792 820 834 a
851 772 1005 853 quolibet
1031 769 1152 835 Sacer-

185 880 264 942 dote
287 881 472 942 ministrari
490 899 552 960 per
567 879 696 942 dictum
714 877 875 960 Gregorii
893 879 936 940 ad
945 879 1148 958 Januarium

185 985 406 1068 Episcopum,
434 996 472 1048 ut
506 987 667 1048 scribitur
702 987 736 1047 in
772 1005 903 1047 canone
937 986 989 1045 De
1024 986 1148 1047 consec.

185 1094 254 1154 dist.
276 1112 308 1170 5.
333 1115 357 1153 c.
376 1095 531 1170 pervenit.
557 1093 621 1154 Ait
645 1094 735 1153 enim
761 1095 824 1154 sic:
850 1095 1008 1173 pervenit
1023 1091 1068 1153 ad
1084 1111 1149 1154 nos

185 1199 351 1279 quosdam
376 1199 624 1260 scandalizatos
640 1196 747 1261 fuisse
759 1218 800 1260 eo
816 1199 909 1279 quod
925 1199 1148 1280 presbyteros

184 1317 327 1387 tangere
351 1306 534 1367 chrismate
558 1305 636 1366 illos
660 1307 718 1386 qui
743 1306 904 1386 baptizati
929 1315 1010 1367 sunt
1036 1306 1151 1387 prohi-

184 1414 332 1482 buimus,
357 1412 417 1473 sed
441 1415 470 1473 si
495 1413 634 1473 omnino
659 1413 789 1474 dehac
813 1433 849 1474 re
872 1412 978 1493 aliqui
1005 1414 1149 1475 contris·

185 1528 309 1589 tentur,
335 1519 392 1580 ubi
417 1517 579 1599 Episcopi
606 1519 740 1588 desunt,
765 1529 803 1580 ut
826 1520 1018 1601 prebysteri
1043 1520 1147 1580 etiam

186 1627 220 1687 in
244 1623 414 1686 frontibus
426 1626 616 1705 baptizatos
632 1625 816 1687 chrismate
832 1635 975 1708 tangere
990 1625 1148 1696 debeant,

185 1731 412 1794 concedimus.

275 1839 340 1898 Sed
359 1839 521 1899 dicendum
544 1845 591 1898 est
612 1840 705 1918 quod
728 1838 840 1900 solum
875 1837 1039 1919 Episcopi
1070 1859 1151 1900 con-

185 1942 272 2006 ferre
295 1944 521 2024 possunthoc
539 1943 808 2014 Sacramentum,
826 1947 907 2025 quia
922 1947 958 2006 in
970 1947 1149 2025 primitiva

185 2049 341 2113 Ecclesia
365 2051 448 2113 solis
469 2050 652 2131 Apostolis
668 2051 764 2114 licuit
779 2050 947 2125 conferre3
960 2053 1022 2115 sed
1034 2051 1147 2114 solum

116 2150 128 2171 ⁸
185 2156 348 2238 Episcopi
374 2168 454 2220 sunt
478 2177 693 2220 successores
707 2159 971 2239 Apostolorum
989 2179 1084 2241 ergo
1102 2196 1145 2203 -

275 2266 330 2324 Ad
349 2265 502 2325 decretum
527 2286 600 2325 vero
629 2265 781 2343 Gregorii
802 2266 927 2328 dicitur
950 2267 1149 2347 quadrupli-

184 2372 278 2432 citer.
311 2372 381 2432 Uno
405 2372 500 2439 modo,
529 2371 621 2451 quod
645 2371 741 2452 Papa
763 2375 933 2434 concessit
956 2373 1049 2453 quod
1072 2394 1150 2455 pos·

185 2486 262 2540 sent
285 2478 481 2559 Presbyteri
507 2479 552 2539 ibi
578 2488 721 2559 tangere
746 2480 779 2538 in
798 2476 910 2541 fronte
926 2479 1042 2560 aliquo
1058 2481 1147 2551 olen,

186 2585 246 2647 sed
270 2603 337 2645 non
362 2586 532 2646 consentit
555 2585 597 2644 de
621 2583 814 2645 chrismate.
840 2584 910 2647 Sed
925 2586 990 2648 hoc
1006 2596 1150 2649 estcon-

186 2702 239 2751 tra
261 2700 394 2751 textum
419 2690 535 2760 literae,
562 2700 599 2752 ut
623 2700 718 2771 patet
741 2691 877 2763 ibidem,

275 2798 346 2856 Ideo
369 2798 499 2857 secundo
523 2798 609 2857 modo
632 2798 758 2859 dicitur
780 2799 872 2877 quod
896 2798 993 2879 Papa
1007 2811 1149 2881 propter

186 2903 383 2965 scandalum
409 2904 586 2965 vitandum
612 2903 697 2965 illud
723 2908 893 2967 concessit
923 2906 966 2967 ad
998 2917 1146 2987 tempus.

187 3009 255 3071 Sed
279 3010 365 3072 iilud
389 3030 456 3071 non
481 3011 582 3079 valet,
608 3014 690 3090 quia
705 3012 825 3073 utilius
837 3013 1036 3075 scandalum
1052 3016 1147 3075 nasci

185 3118 393 3197 permittitur
417 3136 519 3197 quam
544 3118 636 3196 quod
670 3120 719 3180 rei
754 3120 882 3180 veritas
916 3120 1145 3201 relinquatur;

186 3224 302 3283 Extra.
328 3224 364 3283 de
388 3226 507 3301 regulis
522 3226 621 3301 jm·z's.

276 3331 347 3389 Ideo
369 3332 485 3389 di'citur
507 3334 596 3389 lertio
620 3331 707 3391 modo
731 3332 823 3411 quod
847 3334 882 3393 in
898 3335 1075 3413 primitiva
1085 3332 1150 3395 Ec·

186 3436 290 3497 clesia
330 3457 396 3497 non
435 3447 507 3497 erat
542 3434 734 3497 differentia
768 3440 856 3499 inter
890 3439 1083 3520 Episcopos
1113 3450 1150 3501 et

186 3540 397 3603 Sacerdotes
425 3542 525 3623 Quod
549 3544 714 3623 probatur
740 3565 801 3624 per
824 3547 910 3607 duas
926 3548 1149 3608 auctoritates
