2600 4200
209 309 272 371 402
434 286 509 355 Lm.
535 287 588 355 IV
612 289 918 356 SENTENTIARUM

274 526 337 588 De
361 526 483 589 tertio
498 525 704 600 Arimino,
721 526 851 587 scilicet
868 545 910 587 an
922 525 1099 588 daemones
1113 537 1150 588 et

186 633 335 694 damnati
348 642 512 713 appetant
523 652 591 694 non
603 641 690 703 esse,
700 633 776 694 dico
788 633 880 713 quod
891 633 1148 695 suntobstinati

186 750 220 802 et
250 741 403 820 perversi
437 749 602 820 quantum
626 739 671 800 ad
693 739 820 801 malum
847 739 959 820 culpae
982 751 1016 802 et
1039 760 1150 821 quan·

186 857 258 909 tum
282 848 326 908 ad
351 847 477 907 malum
513 865 637 926 poenae,
673 856 707 907 et
741 847 817 907 ideo
842 856 1148 928 quantumcunque

184 955 364 1035 displiceat
386 954 437 1014 eis
459 953 560 1034 culpa
576 953 777 1033 inquantum
795 955 922 1014 vermis
938 973 1054 1015 eorum
1074 974 1146 1016 non

184 1063 337 1132 moritur,
362 1070 567 1121 nontamen
596 1061 797 1139 inquantum
832 1059 944 1140 culpa,
968 1063 1147 1141 praecipue

185 1169 359 1229 daemones
382 1168 440 1247 qui
472 1186 607 1248 semper
636 1166 713 1227 Deo
748 1167 912 1235 invident,
934 1169 1034 1247 juxta
1057 1167 1148 1228 illud

185 1275 310 1336 Psalmi
331 1292 401 1352 73.,·
423 1275 584 1354 superbia
606 1293 723 1335 eorum
747 1275 805 1353 qui
824 1283 857 1334 te
873 1274 1017 1335 oderunt
1029 1293 1148 1336 ascen·

185 1381 235 1442 dit
258 1400 411 1461 semper3
436 1391 470 1441 et
493 1380 570 1442 ideo
593 1389 733 1461 propter
756 1381 856 1441 istam
880 1381 1064 1441 maximam
1090 1399 1148 1442 su-

185 1489 337 1569 perbiam
354 1507 422 1549 non
446 1496 612 1567 appetunt
628 1507 695 1549 non
713 1505 797 1548 esse.
815 1487 904 1547 Dico
920 1497 1034 1548 tamen
1050 1489 1146 1568 quod

185 1597 371 1657 secundum
395 1605 521 1655 rectam
545 1596 723 1664 rationem,
748 1613 790 1655 ne
813 1596 892 1675 quis
909 1595 1010 1656 talem
1029 1603 1145 1657 actum

186 1703 329 1782 eligeret
352 1701 453 1762 debet
475 1702 540 1762 sibi
565 1701 644 1781 plus
667 1702 801 1781 placere
825 1701 933 1762 aDeo
949 1701 1144 1772 annihilari,

185 1809 245 1870 sed
268 1808 418 1869 damnati
443 1817 582 1888 propter
604 1807 740 1889 culpam
764 1828 861 1870 suam
886 1827 953 1870 non
976 1819 1146 1888 appetunt

185 1935 253 1976 non
277 1933 362 1975 esse.

273 2020 311 2084 Si
336 2031 448 2082 autem
476 2030 650 2102 quaeratur
685 2041 727 2082 an
762 2031 928 2100 appetunt
962 2042 1031 2083 non
1066 2041 1145 2084 esse

184 2139 324 2210 propter
356 2147 494 2210 poenam
520 2129 705 2199 vitandam,
731 2138 844 2209 potest
867 2130 933 2191 dici
963 2129 1056 2210 quod
1087 2150 1146 2211 ap-

184 2245 315 2317 petunt,
354 2238 436 2317 quia
473 2255 541 2297 non
575 2254 651 2297 esse
685 2255 754 2296 non
793 2245 845 2297 est
883 2236 1009 2320 malum
1053 2238 1146 2299 sieut

185 2344 227 2404 ab
252 2352 380 2404 aetemo
405 2363 472 2405 non
496 2341 560 2403 fuit
583 2342 729 2414 maium3
754 2343 816 2404 sed
838 2362 941 2422 poena
957 2345 1144 2404 etmiseria

184 2460 237 2511 est
252 2452 380 2512 malum
398 2450 606 2531 simpliciter,
624 2460 659 2510 et
675 2450 752 2511 ideo
768 2450 969 2530 simpliciter
985 2451 1144 2519 nolenda,

184 2561 265 2639 quia
289 2568 341 2619 est
365 2568 483 2619 contra
505 2559 695 2637 appetitum
720 2558 919 2619 naturalem.
1011 2602 1018 2611 .

273 2665 330 2727 Ex
353 2666 454 2727 dictis
470 2673 564 2746 patet
579 2667 624 2724 ad
635 2672 859 2743 argumentum
875 2667 910 2726 in
923 2668 1142 2728 contrarium.

538 2858 721 2941 QUAEsuo
744 2858 789 2922 II.

284 3006 340 3064 Aa
359 3004 523 3063 secundam
550 3003 759 3079 Quoestznnem
782 3005 826 3064 sic
845 3006 1042 3084 proceditur:

273 3146 421 3208 Videtur
458 3146 550 3226 quod
588 3148 633 3208 sit
671 3146 816 3226 aequalis
850 3166 956 3227 poena
989 3150 1142 3210 omnium

151 3300 154 3304 .
184 3254 431 3323 damnatorum,
456 3254 535 3333 quia
559 3272 664 3315 unum
689 3252 858 3315 infinitum
872 3264 1010 3317 nonest
1032 3256 1143 3336 majus

184 3360 251 3420 alio
276 3358 429 3431 infinito;
454 3359 514 3420 sed
548 3379 651 3439 poena
686 3360 868 3440 cujuslibet
903 3362 1054 3423 damnati
1089 3372 1142 3423 est

185 3466 325 3536 infinita,
351 3486 427 3527 cum
452 3468 497 3527 sit
520 3477 705 3547 perpetua;
730 3486 824 3548 ergo,
1190 3454 1192 3465 ¹

272 3574 312 3635 ln
335 3575 508 3652 oppositum
531 3568 587 3636 est'
607 3574 693 3636 illud
716 3574 800 3636 Psal.
827 3582 877 3638 όο.
892 3600 905 3638 .·
928 3576 1047 3638 reddet
1070 3576 1143 3637 uni-

183 3681 307 3761 cuique
330 3680 517 3743 secundum
540 3700 645 3763 opera
668 3702 739 3745 sua.
