<?xml version="1.0" encoding="UTF-8"?>
<!DOCTYPE html PUBLIC "-//W3C//DTD XHTML 1.0 Transitional//EN"
    "http://www.w3.org/TR/xhtml1/DTD/xhtml1-transitional.dtd">
<html xmlns="http://www.w3.org/1999/xhtml" xml:lang="en" lang="en">
 <head>
  <title>
</title>
<meta http-equiv="Content-Type" content="text/html;charset=utf-8" />
  <meta name='ocr-system' content='tesseract 3.04.00' />
  <meta name='ocr-capabilities' content='ocr_page ocr_carea ocr_par ocr_line ocrx_word'/>
</head>
<body>
  <div class='ocr_page' id='page_1' title='image "./commentariainli02scotgoog_0152.png"; bbox 0 0 2600 4200; ppageno 0'>
   <div class='ocr_carea' id='block_1_1' title="bbox 256 263 979 342">
    <p class='ocr_par' dir='ltr' id='par_1_1' title="bbox 256 263 979 342">
     <span class='ocr_line' id='line_1_1' title="bbox 256 263 979 342; baseline 0 -18"><span class='ocrx_word' id='word_1_1' title='bbox 256 263 317 342; x_wconf 81' lang='lat'>136</span> <span class='ocrx_word' id='word_1_2' title='bbox 518 263 591 325; x_wconf 81' lang='lat' dir='ltr'>Lm.</span> <span class='ocrx_word' id='word_1_3' title='bbox 617 263 662 325; x_wconf 89' lang='lat'>111</span> <span class='ocrx_word' id='word_1_4' title='bbox 687 263 979 326; x_wconf 76' lang='lat' dir='ltr'>Saurnurmrruu</span> 
     </span>
    </p>
   </div>
   <div class='ocr_carea' id='block_1_2' title="bbox 217 467 1192 2042">
    <p class='ocr_par' dir='ltr' id='par_1_2' title="bbox 217 467 1192 2042">
     <span class='ocr_line' id='line_1_2' title="bbox 229 467 1188 541; baseline 0 -13"><span class='ocrx_word' id='word_1_5' title='bbox 229 467 298 528; x_wconf 90' lang='lat' dir='ltr'>liter</span> <span class='ocrx_word' id='word_1_6' title='bbox 310 467 469 530; x_wconf 62' lang='lat' dir='ltr'>distinctas</span> <span class='ocrx_word' id='word_1_7' title='bbox 481 467 600 530; x_wconf 84' lang='lat' dir='ltr'>scilicet</span> <span class='ocrx_word' id='word_1_8' title='bbox 616 467 768 530; x_wconf 88' lang='lat' dir='ltr'>voluntas</span> <span class='ocrx_word' id='word_1_9' title='bbox 780 467 899 541; x_wconf 85' lang='lat' dir='ltr'>divina,</span> <span class='ocrx_word' id='word_1_10' title='bbox 916 468 1068 529; x_wconf 85' lang='lat' dir='ltr'>voiuntas</span> <span class='ocrx_word' id='word_1_11' title='bbox 1084 475 1188 529; x_wconf 87' lang='lat' dir='ltr'>creata</span> 
     </span>
     <span class='ocr_line' id='line_1_3' title="bbox 227 573 1191 656; baseline -0.001 -21"><span class='ocrx_word' id='word_1_12' title='bbox 227 573 389 635; x_wconf 88' lang='lat' dir='ltr'>rationalis</span> <span class='ocrx_word' id='word_1_13' title='bbox 401 584 433 636; x_wconf 92' lang='lat' dir='ltr'>et</span> <span class='ocrx_word' id='word_1_14' title='bbox 445 575 596 636; x_wconf 87' lang='lat' dir='ltr'>voluntas</span> <span class='ocrx_word' id='word_1_15' title='bbox 609 583 716 636; x_wconf 82' lang='lat' dir='ltr'>creata</span> <span class='ocrx_word' id='word_1_16' title='bbox 729 574 890 647; x_wconf 82' lang='lat' dir='ltr'>sensitiva,</span> <span class='ocrx_word' id='word_1_17' title='bbox 904 595 979 656; x_wconf 76' lang='lat' dir='ltr'>quae</span> <span class='ocrx_word' id='word_1_18' title='bbox 1003 573 1120 635; x_wconf 88' lang='lat' dir='ltr'>dicitur</span> <span class='ocrx_word' id='word_1_19' title='bbox 1144 593 1191 635; x_wconf 83' lang='lat' dir='ltr'>ra-</span> 
     </span>
     <span class='ocr_line' id='line_1_4' title="bbox 227 679 1190 762; baseline -0.001 -21"><span class='ocrx_word' id='word_1_20' title='bbox 227 680 353 741; x_wconf 89' lang='lat' dir='ltr'>tionalis</span> <span class='ocrx_word' id='word_1_21' title='bbox 365 701 422 762; x_wconf 90' lang='lat' dir='ltr'>per</span> <span class='ocrx_word' id='word_1_22' title='bbox 434 681 716 762; x_wconf 81' lang='lat' dir='ltr'>participationem</span> <span class='ocrx_word' id='word_1_23' title='bbox 731 681 763 742; x_wconf 93' lang='lat' dir='ltr'>in</span> <span class='ocrx_word' id='word_1_24' title='bbox 776 701 816 742; x_wconf 91' lang='lat' dir='ltr'>eo</span> <span class='ocrx_word' id='word_1_25' title='bbox 832 681 923 761; x_wconf 90' lang='lat' dir='ltr'>quod</span> <span class='ocrx_word' id='word_1_26' title='bbox 946 689 994 742; x_wconf 87' lang='lat' dir='ltr'>est</span> <span class='ocrx_word' id='word_1_27' title='bbox 1019 691 1094 742; x_wconf 84' lang='lat' dir='ltr'>nata</span> <span class='ocrx_word' id='word_1_28' title='bbox 1118 679 1190 742; x_wconf 89' lang='lat' dir='ltr'>obe·</span> 
     </span>
     <span class='ocr_line' id='line_1_5' title="bbox 226 787 1188 860; baseline -0.002 -10"><span class='ocrx_word' id='word_1_29' title='bbox 226 787 293 850; x_wconf 91' lang='lat' dir='ltr'>dire</span> <span class='ocrx_word' id='word_1_30' title='bbox 309 787 433 852; x_wconf 89' lang='lat' dir='ltr'>rationi.</span> <span class='ocrx_word' id='word_1_31' title='bbox 462 788 546 849; x_wconf 87' lang='lat' dir='ltr'>Item</span> <span class='ocrx_word' id='word_1_32' title='bbox 571 789 724 849; x_wconf 86' lang='lat' dir='ltr'>voluntas</span> <span class='ocrx_word' id='word_1_33' title='bbox 745 787 908 850; x_wconf 83' lang='lat' dir='ltr'>rationalis</span> <span class='ocrx_word' id='word_1_34' title='bbox 932 787 1095 860; x_wconf 90' lang='lat' dir='ltr'>dividitur,</span> <span class='ocrx_word' id='word_1_35' title='bbox 1124 807 1188 848; x_wconf 91' lang='lat' dir='ltr'>non</span> 
     </span>
     <span class='ocr_line' id='line_1_6' title="bbox 225 893 1192 975; baseline -0.001 -20"><span class='ocrx_word' id='word_1_36' title='bbox 225 893 356 974; x_wconf 89' lang='lat' dir='ltr'>quidem</span> <span class='ocrx_word' id='word_1_37' title='bbox 371 895 402 955; x_wconf 94' lang='lat' dir='ltr'>in</span> <span class='ocrx_word' id='word_1_38' title='bbox 416 894 558 956; x_wconf 86' lang='lat' dir='ltr'>diversas</span> <span class='ocrx_word' id='word_1_39' title='bbox 571 895 732 975; x_wconf 83' lang='lat' dir='ltr'>potentias</span> <span class='ocrx_word' id='word_1_40' title='bbox 755 895 811 956; x_wconf 90' lang='lat' dir='ltr'>sed</span> <span class='ocrx_word' id='word_1_41' title='bbox 832 894 864 955; x_wconf 93' lang='lat' dir='ltr'>in</span> <span class='ocrx_word' id='word_1_42' title='bbox 888 895 1031 958; x_wconf 88' lang='lat' dir='ltr'>diversos</span> <span class='ocrx_word' id='word_1_43' title='bbox 1056 895 1172 956; x_wconf 88' lang='lat' dir='ltr'>modos</span> <span class='ocrx_word' id='word_1_44' title='bbox 1182 913 1192 966; x_wconf 91' lang='grc' dir='ltr'>;Ι</span> 
     </span>
     <span class='ocr_line' id='line_1_7' title="bbox 226 1000 1188 1072; baseline 0.001 -11"><span class='ocrx_word' id='word_1_45' title='bbox 226 1021 289 1061; x_wconf 86' lang='lat' dir='ltr'>una</span> <span class='ocrx_word' id='word_1_46' title='bbox 312 1000 591 1063; x_wconf 85' lang='lat' dir='ltr'>diciturvoluntas</span> <span class='ocrx_word' id='word_1_47' title='bbox 613 1001 778 1063; x_wconf 88' lang='lat' dir='ltr'>rationalis</span> <span class='ocrx_word' id='word_1_48' title='bbox 804 1001 967 1072; x_wconf 87' lang='lat' dir='ltr'>naturalis,</span> <span class='ocrx_word' id='word_1_49' title='bbox 992 1001 1053 1062; x_wconf 89' lang='lat' dir='ltr'>alia</span> <span class='ocrx_word' id='word_1_50' title='bbox 1073 1001 1188 1062; x_wconf 90' lang='lat' dir='ltr'>dicitur</span> 
     </span>
     <span class='ocr_line' id='line_1_8' title="bbox 224 1107 1188 1188; baseline 0 -20"><span class='ocrx_word' id='word_1_51' title='bbox 224 1107 377 1168; x_wconf 88' lang='lat' dir='ltr'>voluntas</span> <span class='ocrx_word' id='word_1_52' title='bbox 389 1108 555 1170; x_wconf 83' lang='lat' dir='ltr'>rationalis</span> <span class='ocrx_word' id='word_1_53' title='bbox 578 1107 789 1170; x_wconf 85' lang='lat' dir='ltr'>deliberativa</span> <span class='ocrx_word' id='word_1_54' title='bbox 813 1107 1073 1169; x_wconf 86' lang='lat' dir='ltr'>sicutdicebatur</span> <span class='ocrx_word' id='word_1_55' title='bbox 1097 1127 1188 1188; x_wconf 86' lang='lat' dir='ltr'>supe·</span> 
     </span>
     <span class='ocr_line' id='line_1_9' title="bbox 225 1197 1187 1296; baseline 0 -22"><span class='ocrx_word' id='word_1_56' title='bbox 225 1214 289 1276; x_wconf 90' lang='lat' dir='ltr'>rius</span> <span class='ocrx_word' id='word_1_57' title='bbox 308 1213 395 1275; x_wconf 85' lang='lat' dir='ltr'>Dist.</span> <span class='ocrx_word' id='word_1_58' title='bbox 410 1233 461 1296; x_wconf 73' lang='lat'>15.</span> <span class='ocrx_word' id='word_1_59' title='bbox 484 1197 644 1294; x_wconf 80' lang='lat' dir='ltr'>Quamvis</span> <span class='ocrx_word' id='word_1_60' title='bbox 664 1211 782 1277; x_wconf 87' lang='lat' dir='ltr'>Scotus</span> <span class='ocrx_word' id='word_1_61' title='bbox 796 1213 858 1275; x_wconf 89' lang='lat' dir='ltr'>hoc</span> <span class='ocrx_word' id='word_1_62' title='bbox 879 1233 944 1276; x_wconf 92' lang='lat' dir='ltr'>non</span> <span class='ocrx_word' id='word_1_63' title='bbox 957 1215 1127 1295; x_wconf 83' lang='lat' dir='ltr'>approbet,</span> <span class='ocrx_word' id='word_1_64' title='bbox 1141 1223 1187 1276; x_wconf 87' lang='lat' dir='ltr'>ta-</span> 
     </span>
     <span class='ocr_line' id='line_1_10' title="bbox 225 1319 1186 1402; baseline 0.001 -21"><span class='ocrx_word' id='word_1_65' title='bbox 225 1339 299 1381; x_wconf 89' lang='lat' dir='ltr'>men</span> <span class='ocrx_word' id='word_1_66' title='bbox 311 1320 394 1382; x_wconf 90' lang='lat' dir='ltr'>bene</span> <span class='ocrx_word' id='word_1_67' title='bbox 406 1330 513 1402; x_wconf 89' lang='lat' dir='ltr'>potest</span> <span class='ocrx_word' id='word_1_68' title='bbox 526 1321 674 1382; x_wconf 87' lang='lat' dir='ltr'>sustineri</span> <span class='ocrx_word' id='word_1_69' title='bbox 687 1329 721 1382; x_wconf 87' lang='lat' dir='ltr'>et</span> <span class='ocrx_word' id='word_1_70' title='bbox 734 1319 894 1384; x_wconf 81' lang='lat' dir='ltr'>faciteam</span> <span class='ocrx_word' id='word_1_71' title='bbox 908 1321 1032 1382; x_wconf 90' lang='lat' dir='ltr'>Doctor</span> <span class='ocrx_word' id='word_1_72' title='bbox 1044 1319 1186 1382; x_wconf 84' lang='lat' dir='ltr'>Venera-</span> 
     </span>
     <span class='ocr_line' id='line_1_11' title="bbox 223 1425 1187 1511; baseline 0 -23"><span class='ocrx_word' id='word_1_73' title='bbox 223 1425 293 1488; x_wconf 86' lang='lat' dir='ltr'>bilis</span> <span class='ocrx_word' id='word_1_74' title='bbox 317 1427 547 1489; x_wconf 88' lang='lat' dir='ltr'>Bonaventura</span> <span class='ocrx_word' id='word_1_75' title='bbox 561 1427 615 1490; x_wconf 79' lang='lat' dir='ltr'><em>lib.</em></span> <span class='ocrx_word' id='word_1_76' title='bbox 636 1445 671 1506; x_wconf 71' lang='lat' dir='ltr'>j.</span> <span class='ocrx_word' id='word_1_77' title='bbox 697 1425 773 1489; x_wconf 82' lang='lat' dir='ltr'>dz&#39;st.</span> <span class='ocrx_word' id='word_1_78' title='bbox 788 1445 841 1511; x_wconf 83' lang='lat'>17.</span> <span class='ocrx_word' id='word_1_79' title='bbox 866 1428 900 1488; x_wconf 84' lang='lat' dir='ltr'>ia</span> <span class='ocrx_word' id='word_1_80' title='bbox 909 1427 1018 1508; x_wconf 80' lang='lat' dir='ltr'>prima</span> <span class='ocrx_word' id='word_1_81' title='bbox 1030 1427 1126 1490; x_wconf 70' lang='lat' dir='ltr'>dictio</span> <span class='ocrx_word' id='word_1_82' title='bbox 1137 1449 1187 1489; x_wconf 83' lang='lat' dir='ltr'>sn·</span> 
     </span>
     <span class='ocr_line' id='line_1_12' title="bbox 217 1532 1187 1616; baseline 0.002 -22"><span class='ocrx_word' id='word_1_83' title='bbox 217 1543 277 1613; x_wconf 79' lang='lat' dir='ltr'>per</span> <span class='ocrx_word' id='word_1_84' title='bbox 289 1532 442 1595; x_wconf 83' lang='lat' dir='ltr'>litteram.</span> <span class='ocrx_word' id='word_1_85' title='bbox 467 1534 549 1595; x_wconf 89' lang='lat' dir='ltr'>Item</span> <span class='ocrx_word' id='word_1_86' title='bbox 574 1535 725 1595; x_wconf 87' lang='lat' dir='ltr'>voluntas</span> <span class='ocrx_word' id='word_1_87' title='bbox 747 1533 956 1596; x_wconf 84' lang='lat' dir='ltr'>deliberativa</span> <span class='ocrx_word' id='word_1_88' title='bbox 980 1534 1187 1616; x_wconf 82' lang='lat' dir='ltr'>distinguitur</span> 
     </span>
     <span class='ocr_line' id='line_1_13' title="bbox 223 1638 1185 1722; baseline 0.004 -24"><span class='ocrx_word' id='word_1_89' title='bbox 223 1638 254 1700; x_wconf 92' lang='lat' dir='ltr'>in</span> <span class='ocrx_word' id='word_1_90' title='bbox 267 1640 450 1719; x_wconf 89' lang='lat' dir='ltr'>portionem</span> <span class='ocrx_word' id='word_1_91' title='bbox 464 1640 662 1720; x_wconf 88' lang='lat' dir='ltr'>superiorem</span> <span class='ocrx_word' id='word_1_92' title='bbox 675 1649 708 1702; x_wconf 89' lang='lat' dir='ltr'>et</span> <span class='ocrx_word' id='word_1_93' title='bbox 725 1639 920 1715; x_wconf 85' lang='lat' dir='ltr'>inferiorem,</span> <span class='ocrx_word' id='word_1_94' title='bbox 935 1641 1040 1722; x_wconf 91' lang='lat' dir='ltr'>portio</span> <span class='ocrx_word' id='word_1_95' title='bbox 1052 1641 1185 1722; x_wconf 91' lang='lat' dir='ltr'>quidem</span> 
     </span>
     <span class='ocr_line' id='line_1_14' title="bbox 222 1746 1186 1830; baseline 0.001 -24"><span class='ocrx_word' id='word_1_96' title='bbox 222 1746 365 1826; x_wconf 90' lang='lat' dir='ltr'>superior</span> <span class='ocrx_word' id='word_1_97' title='bbox 390 1746 517 1827; x_wconf 87' lang='lat' dir='ltr'>respicit</span> <span class='ocrx_word' id='word_1_98' title='bbox 542 1748 663 1820; x_wconf 91' lang='lat' dir='ltr'>Deum,</span> <span class='ocrx_word' id='word_1_99' title='bbox 689 1747 795 1828; x_wconf 89' lang='lat' dir='ltr'>portio</span> <span class='ocrx_word' id='word_1_100' title='bbox 811 1758 922 1809; x_wconf 85' lang='lat' dir='ltr'>autem</span> <span class='ocrx_word' id='word_1_101' title='bbox 948 1747 1076 1810; x_wconf 87' lang='lat' dir='ltr'>inferior</span> <span class='ocrx_word' id='word_1_102' title='bbox 1089 1749 1186 1830; x_wconf 75' lang='lat' dir='ltr'>respi-</span> 
     </span>
     <span class='ocr_line' id='line_1_15' title="bbox 221 1852 1188 1933; baseline 0.003 -20"><span class='ocrx_word' id='word_1_103' title='bbox 221 1852 263 1913; x_wconf 88' lang='lat' dir='ltr'>cit</span> <span class='ocrx_word' id='word_1_104' title='bbox 287 1853 477 1933; x_wconf 81' lang='lat' dir='ltr'>proximum</span> <span class='ocrx_word' id='word_1_105' title='bbox 500 1862 533 1915; x_wconf 90' lang='lat' dir='ltr'>et</span> <span class='ocrx_word' id='word_1_106' title='bbox 557 1873 606 1915; x_wconf 89' lang='lat' dir='ltr'>res</span> <span class='ocrx_word' id='word_1_107' title='bbox 630 1853 794 1916; x_wconf 85' lang='lat' dir='ltr'>inferiores</span> <span class='ocrx_word' id='word_1_108' title='bbox 820 1857 911 1931; x_wconf 91' lang='lat' dir='ltr'>Deo;</span> <span class='ocrx_word' id='word_1_109' title='bbox 936 1856 1023 1916; x_wconf 90' lang='lat' dir='ltr'>unde</span> <span class='ocrx_word' id='word_1_110' title='bbox 1048 1855 1129 1916; x_wconf 88' lang='lat' dir='ltr'>mori</span> <span class='ocrx_word' id='word_1_111' title='bbox 1158 1875 1188 1916; x_wconf 92' lang='lat' dir='ltr'>a·</span> 
     </span>
     <span class='ocr_line' id='line_1_16' title="bbox 221 1959 1185 2042; baseline 0.002 -23"><span class='ocrx_word' id='word_1_112' title='bbox 221 1979 311 2021; x_wconf 89' lang='lat' dir='ltr'>more</span> <span class='ocrx_word' id='word_1_113' title='bbox 335 1959 397 2021; x_wconf 90' lang='lat' dir='ltr'>Dei</span> <span class='ocrx_word' id='word_1_114' title='bbox 432 1969 556 2040; x_wconf 86' lang='lat' dir='ltr'>spectat</span> <span class='ocrx_word' id='word_1_115' title='bbox 580 1961 621 2021; x_wconf 88' lang='lat' dir='ltr'>ad</span> <span class='ocrx_word' id='word_1_116' title='bbox 646 1961 831 2041; x_wconf 91' lang='lat' dir='ltr'>portionem</span> <span class='ocrx_word' id='word_1_117' title='bbox 867 1963 1077 2042; x_wconf 86' lang='lat' dir='ltr'>superiorem,</span> <span class='ocrx_word' id='word_1_118' title='bbox 1103 1959 1185 2023; x_wconf 90' lang='lat' dir='ltr'>mori</span> 
     </span>
    </p>
   </div>
   <div class='ocr_carea' id='block_1_3' title="bbox 198 2065 1178 2150">
    <p class='ocr_par' dir='ltr' id='par_1_3' title="bbox 198 2065 1178 2150">
     <span class='ocr_line' id='line_1_17' title="bbox 198 2065 1178 2150; baseline 0.003 -25"><span class='ocrx_word' id='word_1_119' title='bbox 198 2095 204 2107; x_wconf 93' lang='lat'><strong>·</strong></span> <span class='ocrx_word' id='word_1_120' title='bbox 219 2075 328 2127; x_wconf 89' lang='lat' dir='ltr'>autem</span> <span class='ocrx_word' id='word_1_121' title='bbox 353 2087 413 2147; x_wconf 93' lang='lat' dir='ltr'>pro</span> <span class='ocrx_word' id='word_1_122' title='bbox 426 2067 580 2147; x_wconf 83' lang='lat' dir='ltr'>proximo</span> <span class='ocrx_word' id='word_1_123' title='bbox 593 2075 718 2149; x_wconf 88' lang='lat' dir='ltr'>spectat</span> <span class='ocrx_word' id='word_1_124' title='bbox 731 2069 772 2130; x_wconf 88' lang='lat' dir='ltr'>ad</span> <span class='ocrx_word' id='word_1_125' title='bbox 786 2069 969 2150; x_wconf 87' lang='lat' dir='ltr'>portionem</span> <span class='ocrx_word' id='word_1_126' title='bbox 983 2065 1178 2131; x_wconf 88' lang='lat' dir='ltr'>inferiorem.</span> 
     </span>
    </p>
   </div>
   <div class='ocr_carea' id='block_1_4' title="bbox 212 2278 1195 3751">
    <p class='ocr_par' dir='ltr' id='par_1_4' title="bbox 212 2278 1195 3751">
     <span class='ocr_line' id='line_1_18' title="bbox 287 2278 1188 2365; baseline 0.001 -22"><span class='ocrx_word' id='word_1_127' title='bbox 287 2278 351 2343; x_wconf 82' lang='lat' dir='ltr'>Be</span> <span class='ocrx_word' id='word_1_128' title='bbox 373 2282 567 2345; x_wconf 68' lang='lat' dir='ltr'>seeundo</span> <span class='ocrx_word' id='word_1_129' title='bbox 590 2281 791 2347; x_wconf 75' lang='lat' dir='ltr'>Arlz&#39;aulo</span> <span class='ocrx_word' id='word_1_130' title='bbox 814 2282 933 2344; x_wconf 88' lang='lat' dir='ltr'>scilicet</span> <span class='ocrx_word' id='word_1_131' title='bbox 956 2284 1046 2365; x_wconf 89' lang='lat' dir='ltr'>quod</span> <span class='ocrx_word' id='word_1_132' title='bbox 1069 2284 1188 2345; x_wconf 88' lang='lat' dir='ltr'>volun-</span> 
     </span>
     <span class='ocr_line' id='line_1_19' title="bbox 218 2385 1188 2469; baseline 0.005 -23"><span class='ocrx_word' id='word_1_133' title='bbox 218 2394 267 2446; x_wconf 87' lang='lat' dir='ltr'>tas</span> <span class='ocrx_word' id='word_1_134' title='bbox 289 2396 396 2447; x_wconf 83' lang='lat' dir='ltr'>creata</span> <span class='ocrx_word' id='word_1_135' title='bbox 422 2385 539 2448; x_wconf 88' lang='lat' dir='ltr'>Christi</span> <span class='ocrx_word' id='word_1_136' title='bbox 577 2386 636 2449; x_wconf 82' lang='lat' dir='ltr'>fuir</span> <span class='ocrx_word' id='word_1_137' title='bbox 660 2408 788 2469; x_wconf 85' lang='lat' dir='ltr'>semper</span> <span class='ocrx_word' id='word_1_138' title='bbox 824 2388 1000 2451; x_wconf 88' lang='lat' dir='ltr'>conformis</span> <span class='ocrx_word' id='word_1_139' title='bbox 1024 2390 1188 2458; x_wconf 86' lang='lat' dir='ltr'>voluntati</span> 
     </span>
     <span class='ocr_line' id='line_1_20' title="bbox 217 2492 1188 2577; baseline 0.006 -26"><span class='ocrx_word' id='word_1_140' title='bbox 217 2492 345 2564; x_wconf 81' lang='lat' dir='ltr'>divinae,</span> <span class='ocrx_word' id='word_1_141' title='bbox 370 2493 444 2554; x_wconf 87' lang='lat' dir='ltr'>dico</span> <span class='ocrx_word' id='word_1_142' title='bbox 467 2495 558 2573; x_wconf 93' lang='lat' dir='ltr'>quod</span> <span class='ocrx_word' id='word_1_143' title='bbox 582 2504 639 2556; x_wconf 89' lang='lat' dir='ltr'>aut</span> <span class='ocrx_word' id='word_1_144' title='bbox 675 2495 834 2577; x_wconf 68' lang='lat' dir='ltr'>quaeritur</span> <span class='ocrx_word' id='word_1_145' title='bbox 858 2496 899 2557; x_wconf 88' lang='lat' dir='ltr'>de</span> <span class='ocrx_word' id='word_1_146' title='bbox 923 2496 1092 2558; x_wconf 86' lang='lat' dir='ltr'>voluntate</span> <span class='ocrx_word' id='word_1_147' title='bbox 1118 2516 1188 2559; x_wconf 84' lang='lat' dir='ltr'>scn-</span> 
     </span>
     <span class='ocr_line' id='line_1_21' title="bbox 216 2597 1190 2685; baseline 0.008 -27"><span class='ocrx_word' id='word_1_148' title='bbox 216 2597 327 2673; x_wconf 77' lang='lat' dir='ltr'>sr&#39;tr&#39;aa,</span> <span class='ocrx_word' id='word_1_149' title='bbox 352 2608 408 2661; x_wconf 88' lang='lat' dir='ltr'>aut</span> <span class='ocrx_word' id='word_1_150' title='bbox 432 2599 473 2662; x_wconf 90' lang='lat' dir='ltr'>de</span> <span class='ocrx_word' id='word_1_151' title='bbox 497 2600 666 2662; x_wconf 87' lang='lat' dir='ltr'>voluntate</span> <span class='ocrx_word' id='word_1_152' title='bbox 690 2601 850 2664; x_wconf 78' lang='lat' dir='ltr'>rationali</span> <span class='ocrx_word' id='word_1_153' title='bbox 872 2623 947 2683; x_wconf 83' lang='lat' dir='ltr'>quae</span> <span class='ocrx_word' id='word_1_154' title='bbox 982 2602 1100 2685; x_wconf 79' lang='lat' dir='ltr'>dieitur</span> <span class='ocrx_word' id='word_1_155' title='bbox 1130 2624 1190 2666; x_wconf 88' lang='lat' dir='ltr'>na-</span> 
     </span>
     <span class='ocr_line' id='line_1_22' title="bbox 217 2705 1190 2789; baseline 0.008 -24"><span class='ocrx_word' id='word_1_156' title='bbox 217 2705 345 2779; x_wconf 82' lang='lat' dir='ltr'>turalis,</span> <span class='ocrx_word' id='word_1_157' title='bbox 385 2716 441 2769; x_wconf 90' lang='lat' dir='ltr'>aut</span> <span class='ocrx_word' id='word_1_158' title='bbox 489 2708 529 2769; x_wconf 88' lang='lat' dir='ltr'>de</span> <span class='ocrx_word' id='word_1_159' title='bbox 564 2709 709 2769; x_wconf 87' lang='lat' dir='ltr'>volutate</span> <span class='ocrx_word' id='word_1_160' title='bbox 746 2708 907 2770; x_wconf 79' lang='lat' dir='ltr'>rationali</span> <span class='ocrx_word' id='word_1_161' title='bbox 948 2730 1024 2789; x_wconf 81' lang='lat' dir='ltr'>quae</span> <span class='ocrx_word' id='word_1_162' title='bbox 1067 2711 1190 2773; x_wconf 90' lang='lat' dir='ltr'>dicitur</span> 
     </span>
     <span class='ocr_line' id='line_1_23' title="bbox 215 2811 1193 2897; baseline 0.009 -26"><span class='ocrx_word' id='word_1_163' title='bbox 215 2811 439 2874; x_wconf 74' lang='lat' dir='ltr'>dalibsratiaa.</span> <span class='ocrx_word' id='word_1_164' title='bbox 470 2812 512 2875; x_wconf 75' lang='lat' dir='ltr'>si</span> <span class='ocrx_word' id='word_1_165' title='bbox 529 2814 639 2894; x_wconf 79' lang='lat' dir='ltr'>priam</span> <span class='ocrx_word' id='word_1_166' title='bbox 664 2816 764 2889; x_wconf 84' lang='lat' dir='ltr'>mado,</span> <span class='ocrx_word' id='word_1_167' title='bbox 790 2815 1080 2897; x_wconf 88' lang='lat' dir='ltr'>concediturquod</span> <span class='ocrx_word' id='word_1_168' title='bbox 1104 2838 1193 2880; x_wconf 87' lang='lat' dir='ltr'>sem-</span> 
     </span>
     <span class='ocr_line' id='line_1_24' title="bbox 217 2916 1195 2998; baseline 0.01 -20"><span class='ocrx_word' id='word_1_169' title='bbox 217 2938 274 2998; x_wconf 89' lang='lat' dir='ltr'>per</span> <span class='ocrx_word' id='word_1_170' title='bbox 297 2916 356 2978; x_wconf 86' lang='lat' dir='ltr'>fuit</span> <span class='ocrx_word' id='word_1_171' title='bbox 380 2918 555 2980; x_wconf 88' lang='lat' dir='ltr'>conformis</span> <span class='ocrx_word' id='word_1_172' title='bbox 583 2922 743 2983; x_wconf 87' lang='lat' dir='ltr'>voluntati</span> <span class='ocrx_word' id='word_1_173' title='bbox 769 2922 887 2983; x_wconf 78' lang='lat' dir='ltr'>diuinae</span> <span class='ocrx_word' id='word_1_174' title='bbox 924 2922 956 2983; x_wconf 94' lang='lat' dir='ltr'>in</span> <span class='ocrx_word' id='word_1_175' title='bbox 994 2925 1095 2987; x_wconf 92' lang='lat' dir='ltr'>modo</span> <span class='ocrx_word' id='word_1_176' title='bbox 1134 2946 1195 2989; x_wconf 87' lang='lat' dir='ltr'>vo·</span> 
     </span>
     <span class='ocr_line' id='line_1_25' title="bbox 217 3024 1193 3113; baseline 0.011 -29"><span class='ocrx_word' id='word_1_177' title='bbox 217 3024 311 3098; x_wconf 86' lang='lat' dir='ltr'>lendi,</span> <span class='ocrx_word' id='word_1_178' title='bbox 336 3027 392 3087; x_wconf 86' lang='lat' dir='ltr'>sed</span> <span class='ocrx_word' id='word_1_179' title='bbox 416 3026 447 3087; x_wconf 89' lang='lat' dir='ltr'>in</span> <span class='ocrx_word' id='word_1_180' title='bbox 473 3027 573 3089; x_wconf 89' lang='lat' dir='ltr'>volito</span> <span class='ocrx_word' id='word_1_181' title='bbox 599 3027 738 3089; x_wconf 84' lang='lat' dir='ltr'>nonfuit</span> <span class='ocrx_word' id='word_1_182' title='bbox 762 3048 891 3109; x_wconf 87' lang='lat' dir='ltr'>semper</span> <span class='ocrx_word' id='word_1_183' title='bbox 908 3029 1094 3105; x_wconf 87' lang='lat' dir='ltr'>conformis,</span> <span class='ocrx_word' id='word_1_184' title='bbox 1108 3033 1193 3113; x_wconf 89' lang='lat' dir='ltr'>quia</span> 
     </span>
     <span class='ocr_line' id='line_1_26' title="bbox 216 3130 1195 3216; baseline 0.01 -25"><span class='ocrx_word' id='word_1_185' title='bbox 216 3130 269 3192; x_wconf 85' lang='lat' dir='ltr'>illa</span> <span class='ocrx_word' id='word_1_186' title='bbox 292 3131 442 3193; x_wconf 88' lang='lat' dir='ltr'>voluntas</span> <span class='ocrx_word' id='word_1_187' title='bbox 466 3134 599 3195; x_wconf 85' lang='lat' dir='ltr'>nolebat</span> <span class='ocrx_word' id='word_1_188' title='bbox 611 3136 806 3214; x_wconf 88' lang='lat' dir='ltr'>passionem,</span> <span class='ocrx_word' id='word_1_189' title='bbox 826 3135 904 3216; x_wconf 88' lang='lat' dir='ltr'>quia</span> <span class='ocrx_word' id='word_1_190' title='bbox 927 3146 995 3199; x_wconf 89' lang='lat' dir='ltr'>erat</span> <span class='ocrx_word' id='word_1_191' title='bbox 1019 3138 1195 3201; x_wconf 90' lang='lat' dir='ltr'>disconve-</span> 
     </span>
     <span class='ocr_line' id='line_1_27' title="bbox 213 3238 1194 3325; baseline 0.014 -28"><span class='ocrx_word' id='word_1_192' title='bbox 213 3238 303 3297; x_wconf 89' lang='lat' dir='ltr'>niens</span> <span class='ocrx_word' id='word_1_193' title='bbox 327 3258 394 3299; x_wconf 84' lang='lat' dir='ltr'>suae</span> <span class='ocrx_word' id='word_1_194' title='bbox 431 3248 567 3312; x_wconf 83' lang='lat' dir='ltr'>naturae,</span> <span class='ocrx_word' id='word_1_195' title='bbox 593 3250 760 3302; x_wconf 82' lang='lat' dir='ltr'>ettamen</span> <span class='ocrx_word' id='word_1_196' title='bbox 786 3242 870 3303; x_wconf 87' lang='lat' dir='ltr'>hanc</span> <span class='ocrx_word' id='word_1_197' title='bbox 907 3242 1092 3325; x_wconf 88' lang='lat' dir='ltr'>passionem</span> <span class='ocrx_word' id='word_1_198' title='bbox 1130 3268 1194 3311; x_wconf 85' lang='lat' dir='ltr'>vo-</span> 
     </span>
     <span class='ocr_line' id='line_1_28' title="bbox 215 3343 1194 3423; baseline 0.013 -21"><span class='ocrx_word' id='word_1_199' title='bbox 215 3343 321 3404; x_wconf 87' lang='lat' dir='ltr'>luntas</span> <span class='ocrx_word' id='word_1_200' title='bbox 333 3343 441 3405; x_wconf 84' lang='lat' dir='ltr'>divina</span> <span class='ocrx_word' id='word_1_201' title='bbox 454 3346 594 3409; x_wconf 87' lang='lat' dir='ltr'>volebat.</span> <span class='ocrx_word' id='word_1_202' title='bbox 606 3344 648 3407; x_wconf 79' lang='lat' dir='ltr'>Si</span> <span class='ocrx_word' id='word_1_203' title='bbox 658 3347 794 3409; x_wconf 81' lang='lat' dir='ltr'>secunda</span> <span class='ocrx_word' id='word_1_204' title='bbox 808 3348 911 3423; x_wconf 87' lang='lat' dir='ltr'>moda,</span> <span class='ocrx_word' id='word_1_205' title='bbox 921 3350 996 3412; x_wconf 89' lang='lat' dir='ltr'>dico</span> <span class='ocrx_word' id='word_1_206' title='bbox 1007 3346 1194 3417; x_wconf 81' lang='lat' dir='ltr'>consimili-</span> 
     </span>
     <span class='ocr_line' id='line_1_29' title="bbox 212 3451 1193 3530; baseline 0.015 -21"><span class='ocrx_word' id='word_1_207' title='bbox 212 3460 260 3510; x_wconf 91' lang='lat' dir='ltr'>ter</span> <span class='ocrx_word' id='word_1_208' title='bbox 277 3451 366 3530; x_wconf 90' lang='lat' dir='ltr'>quod</span> <span class='ocrx_word' id='word_1_209' title='bbox 390 3451 541 3513; x_wconf 88' lang='lat' dir='ltr'>voluntas</span> <span class='ocrx_word' id='word_1_210' title='bbox 553 3453 708 3516; x_wconf 85' lang='lat' dir='ltr'>naturalis</span> <span class='ocrx_word' id='word_1_211' title='bbox 732 3454 896 3517; x_wconf 85' lang='lat' dir='ltr'>rationalis</span> <span class='ocrx_word' id='word_1_212' title='bbox 909 3455 983 3520; x_wconf 80' lang='lat' dir='ltr'>licet</span> <span class='ocrx_word' id='word_1_213' title='bbox 1006 3467 1090 3520; x_wconf 89' lang='lat' dir='ltr'>esset</span> <span class='ocrx_word' id='word_1_214' title='bbox 1109 3481 1193 3525; x_wconf 88' lang='lat' dir='ltr'>con-</span> 
     </span>
     <span class='ocr_line' id='line_1_30' title="bbox 213 3554 1193 3637; baseline 0.018 -22"><span class='ocrx_word' id='word_1_215' title='bbox 213 3554 324 3617; x_wconf 85' lang='lat' dir='ltr'>formis</span> <span class='ocrx_word' id='word_1_216' title='bbox 336 3557 496 3620; x_wconf 86' lang='lat' dir='ltr'>voluntati</span> <span class='ocrx_word' id='word_1_217' title='bbox 520 3559 639 3621; x_wconf 83' lang='lat' dir='ltr'>divinae</span> <span class='ocrx_word' id='word_1_218' title='bbox 658 3560 689 3623; x_wconf 88' lang='lat' dir='ltr'>in</span> <span class='ocrx_word' id='word_1_219' title='bbox 716 3562 817 3623; x_wconf 93' lang='lat' dir='ltr'>modo</span> <span class='ocrx_word' id='word_1_220' title='bbox 830 3563 969 3637; x_wconf 87' lang='lat' dir='ltr'>volendi,</span> <span class='ocrx_word' id='word_1_221' title='bbox 983 3584 1048 3626; x_wconf 92' lang='lat' dir='ltr'>non</span> <span class='ocrx_word' id='word_1_222' title='bbox 1068 3574 1193 3633; x_wconf 84' lang='lat' dir='ltr'>tamen</span> 
     </span>
     <span class='ocr_line' id='line_1_31' title="bbox 212 3662 1195 3751; baseline 0.021 -30"><span class='ocrx_word' id='word_1_223' title='bbox 212 3662 243 3723; x_wconf 90' lang='lat' dir='ltr'>in</span> <span class='ocrx_word' id='word_1_224' title='bbox 268 3662 368 3725; x_wconf 92' lang='lat' dir='ltr'>volito</span> <span class='ocrx_word' id='word_1_225' title='bbox 391 3684 518 3746; x_wconf 89' lang='lat' dir='ltr'>semper</span> <span class='ocrx_word' id='word_1_226' title='bbox 542 3664 602 3727; x_wconf 88' lang='lat' dir='ltr'>fuit</span> <span class='ocrx_word' id='word_1_227' title='bbox 625 3665 814 3743; x_wconf 69' lang='lat' dir='ltr'>conformis</span> <span class='ocrx_word' id='word_1_228' title='bbox 841 3669 917 3751; x_wconf 84' lang='lat' dir='ltr'>quia</span> <span class='ocrx_word' id='word_1_229' title='bbox 940 3670 994 3732; x_wconf 87' lang='lat' dir='ltr'>illa</span> <span class='ocrx_word' id='word_1_230' title='bbox 1028 3671 1195 3741; x_wconf 87' lang='lat' dir='ltr'>voluntas</span> 
     </span>
    </p>
   </div>
   <div class='ocr_carea' id='block_1_5' title="bbox 0 0 1304 4200">
    <p class='ocr_par' dir='ltr' id='par_1_5' title="bbox 0 0 1304 4200">
     <span class='ocr_line' id='line_1_32' title="bbox 0 0 1304 4200; baseline 0 6"><span class='ocrx_word' id='word_1_231' title='bbox 0 0 1304 4200; x_wconf 95' lang='lat' dir='ltr'> </span> 
     </span>
    </p>
   </div>
  </div>
 </body>
</html>
