2600 4200
327 213 517 277 Drsrmcr.
543 214 576 277 ΙΙ
602 213 755 296 Qnffisr.
782 213 816 275 ΙΙ
1003 235 1043 293 33

98 319 226 332 ..a-numm
231 319 267 330 ...ιι

97 393 291 472 superioris
314 401 429 473 potest
451 393 591 472 produci
618 412 638 453 a
670 411 774 454 causa
808 389 974 463 inferiori;
1008 391 1067 454 sed

97 495 243 560 effectus
268 500 396 581 signati
421 517 482 578 per
506 497 737 569 Sacramenta,
768 517 844 560 cum
869 499 939 561 sint
969 496 1066 570 finiti,

98 625 169 667 non
194 605 377 686 adaequant
405 607 567 666 virtutem
602 606 724 686 primae
758 624 872 667 causae
907 625 986 686 quae
1016 615 1069 667 est

98 709 250 782 infinita;
275 731 360 794 ergo
384 722 530 793 possunt
554 731 629 774 esse
664 713 706 773 ab
741 712 857 792 aliqua
888 731 992 774 causa
1023 714 1070 773 in·

97 817 227 880 feriori.

193 925 334 986 Secundo
351 927 424 993 sicz,
440 923 524 986 illud
541 926 632 1005 quod
649 935 764 1006 potest
780 923 938 986 effectum
956 927 1068 1006 signa·

97 1041 174 1093 tum
199 1050 262 1111 per
286 1029 508 1092 Sacramenta
531 1031 706 1092 destruere
729 1041 844 1111 potest
867 1032 979 1111 ipsum
1002 1028 1069 1093 effi-

96 1158 192 1209 cere;
217 1137 278 1198 sed
309 1137 412 1198 homo
448 1148 500 1199 est
535 1137 739 1218 hujusmodi.
778 1137 945 1206 Probatur,
989 1139 1069 1217 quia

96 1246 205 1307 homo
229 1245 403 1324 peccando
428 1253 541 1326 potest
557 1241 714 1306 effectum
739 1247 914 1325 signatum
931 1263 992 1325 per
1009 1242 1068 1306 Sa·

96 1360 278 1413 eramenta
300 1351 490 1422 destruere;
516 1353 622 1434 igitur
645 1361 760 1432 potest
784 1353 897 1432 ipsum
925 1348 1065 1414 efficere.

192 1458 249 1517 Ad
262 1460 417 1534 primum,
447 1457 523 1518 dico
541 1458 633 1538 quod
650 1459 777 1518 creatio
794 1458 874 1519 licet
890 1476 957 1518 non
980 1459 1067 1518 adae·

95 1575 183 1646 quet
207 1566 396 1644 potentiam
421 1564 486 1625 Dei
513 1566 546 1626 in
571 1583 657 1633 esse,
682 1564 842 1644 adaequat
863 1582 937 1624 eam
955 1573 1068 1625 tamen

96 1675 133 1733 in
158 1671 264 1732 modo
287 1671 508 1750 producendi.
533 1672 614 1751 quia
637 1671 717 1732 talis
741 1670 863 1731 modus
888 1689 954 1730 non
979 1689 1068 1731 com-

96 1778 313 1858 petit'alicui
340 1779 458 1838 virtuti
483 1775 600 1840 finitae.

191 1884 249 1944 Ad
267 1885 446 1949 secundum,
474 1892 588 1963 potest
612 1886 731 1964 negari
757 1885 868 1960 major,
894 1885 975 1962 quia
992 1881 1069 1943 faci-

96 1991 168 2052 lius
192 2001 246 2051 est
269 1991 445 2079 destruere
469 2009 569 2069 quam
603 1999 810 2052 construere.
847 1989 930 2050 Alio
966 1989 1067 2050 modo

95 2108 216 2179 potest
240 2097 360 2179 negari
386 2099 508 2166 minon-
532 2114 593 2158 nec
621 2096 778 2177 probatio
802 2098 935 2155 nzinoris
966 2096 1067 2165 valet,

95 2207 183 2285 quia
205 2222 284 2265 cum
308 2204 412 2265 homo
435 2213 553 2283 peccat
577 2203 766 2265 mortaliter
798 2222 865 2263 non
901 2202 1068 2265 annihilat

96 2315 175 2392 ipse
200 2312 359 2393 gratiam,
385 2311 445 2371 sed
469 2320 522 2370 est
546 2329 648 2371 causa
673 2310 899 2397 demeritorie,
927 2320 1067 2390 propter

95 2418 194 2498 quod
218 2417 422 2478 demeritum
446 2416 543 2478 Deus
567 2436 634 2477 non
659 2425 841 2477 conservat
857 2417 1014 2497 gratiam,
1032 2424 1066 2476 et

95 2527 148 2587 sic
174 2524 395 2585 annihilatur.

193 2664 384 2729 Securum
411 2665 627 2730 Omwloeco
651 2665 829 2745 probatur:
854 2665 896 2725 ab
922 2664 981 2724 illo
1010 2663 1069 2725 Sa-

97 2782 279 2836 cramenta
302 2769 485 2834 efficaciam
510 2772 645 2841 habent,
672 2772 804 2833 sicuta
837 2789 941 2831 causa
972 2771 1069 2831 meri·

95 2882 199 2949 toria,
225 2880 319 2959 quod
342 2880 421 2960 plus
452 2887 606 2959 acceptat
642 2878 738 2939 Deus
772 2896 874 2957 quam
910 2876 1069 2955 displicet

97 2988 168 3049 sibi
194 2982 328 3047 offensa
350 2988 450 3066 primi
474 2987 641 3066 parentis;
667 2985 728 3046 sed
751 2984 832 3045 talis
855 2982 920 3044 fuit
951 2984 1068 3063 passio

95 3092 242 3161 Christi,
267 3101 306 3153 ut
328 3101 423 3173 patet
438 3112 500 3173 per
516 3091 723 3153 Anselmum
740 3110 769 3153 2.
787 3111 845 3150 cur
860 3092 950 3150 Deus
966 3090 1063 3156 homo,

95 3211 131 3262 et
157 3198 355 3261 declaratur
378 3200 448 3259 Lib.
470 3218 503 3275 3.
529 3200 612 3259 Dist.
639 3216 668 3260 2.
676 3221 689 3267 ,·
713 3217 808 3279 ergo
832 3207 895 3258 etc.

192 3306 333 3367 Secundo
357 3306 420 3367 sic:
447 3306 489 3367 ab
514 3305 574 3366 illo
599 3302 821 3370 Sacramenta
844 3304 971 3364 habent
1003 3300 1069 3363 effi·

94 3415 232 3476 caciam
256 3412 345 3473 sicut
369 3431 389 3473 a
412 3430 514 3473 causa
546 3412 730 3482 meritoria,
766 3430 827 3491 per
861 3409 953 3490 quod
988 3418 1068 3470 sunt

93 3520 204 3583 nobis
228 3518 388 3598 paradisi·
402 3519 491 3581 ostia
513 3526 677 3589 reserata;
703 3517 764 3579 sed
788 3516 872 3578 illud
899 3513 963 3575 fuit
992 3534 1068 3595 pas-

91 3630 150 3690 sio
176 3623 305 3687 Christi
312 3646 320 3698 ;
345 3644 439 3707 ergo.
