2600 4200
223 214 265 269 44
446 190 520 250 Lm.
548 189 597 250 IV
624 188 930 251 Saturnxrmnun

266 371 416 449 ,Audito
440 365 478 429 fit
500 367 611 428 tribus
635 367 756 434 modis,
782 368 863 448 quia
886 376 1020 428 estuna
1036 366 1167 427 additio

199 483 305 538 corrlra
319 477 430 556 fidem,
460 485 498 537 ut
521 476 549 536 si
574 475 759 535 diceretur:
776 474 916 554 baptizo
928 485 962 534 te
978 475 1015 535 in
1027 475 1167 534 nomine

200 583 313 646 Patris
336 583 475 661 majoris
498 590 534 642 et
557 579 635 642 Filii
661 581 812 641 minoris.
838 579 922 641 Alia
952 589 1006 641 est
1036 579 1167 641 additio

200 709 277 772 quae
300 711 361 750 nou
384 695 430 750 est
451 695 557 750 contra
572 689 684 768 fidem,
714 696 752 749 ut
775 688 803 748 si
828 687 1011 750 diceretur:
1029 687 1167 767 baptizo

200 807 233 860 te
258 799 292 859 in
318 798 455 858 nomine
478 795 591 857 Patris
613 796 869 874 omnipotentis,
893 804 928 856 et
943 793 1023 857 Filii
1040 805 1076 855 et
1091 791 1167 874 Spi-

200 906 287 966 ritus
311 903 438 964 Sancti.
464 902 505 964 Ιη
529 904 639 982 prima
663 900 837 962 additione
860 901 946 962 nihil
969 899 1018 968 fit.
1036 899 1098 962 sed
1129 902 1164 961 in

201 1010 350 1072 secunda
372 1007 420 1078 fit,
446 1010 504 1070 ubi
529 1005 658 1069 iaciens
682 1007 813 1069 nullum
849 1007 1041 1068 intenderet
1070 1006 1168 1067 indu·

200 1136 276 1178 cere
299 1135 457 1178 errorem.

212 1287 214 1292 ι
294 1251 459 1326 Corruptio
482 1245 521 1309 fit
543 1248 739 1328 dupliciter:
772 1247 956 1327 aliquando
982 1257 1037 1308 est
1058 1258 1156 1309 tanta

200 1356 292 1437 quod
316 1354 411 1417 nullo
435 1354 537 1416 modo
561 1363 654 1415 tenet
678 1373 827 1422 sensum.
852 1365 886 1414 et
910 1363 991 1414 ωηο
1015 1371 1084 1413 ηοη
1112 1362 1165 1414 est

201 1463 409 1542 Baptismus.
436 1461 636 1541 Aliquando
660 1480 744 1521 vero
767 1470 820 1521 est
843 1460 986 1527 modica.
1019 1470 1053 1521 et
1084 1470 1167 1521 tunc

201 1589 269 1631 non
293 1570 480 1648 corrumpit
504 1586 654 1634 sensum.
672 1577 710 1628 ut
726 1576 820 1647 patet
836 1567 878 1628 de
894 1566 1166 1628 balbutientibus

201 1685 234 1737 et
258 1675 463 1736 habentibus
487 1673 640 1754 linguam
671 1673 879 1754 impeditam,
915 1683 949 1734 et
984 1681 1066 1734 tunc
1096 1692 1166 1734 non

201 1781 343 1862 impedit
368 1783 450 1861 quin
475 1782 520 1841 sit
544 1781 754 1861 Baptismus.
772 1790 810 1841 ut
826 1790 921 1860 patet
937 1781 989 1840 De
999 1786 1166 1841 consecrat.

200 1887 229 1949 d.
253 1908 282 1964 4.
308 1894 373 1965 cap.
400 1889 595 1953 Relulerunl,
632 1887 675 1947 de
710 1887 769 1948 illo
803 1887 1005 1968 presbytero
1037 1887 1168 1968 linguae

201 1995 316 2056 latinae
341 1973 503 2073 imperito
522 1994 580 2074 qui
606 1994 709 2055 dixit:
735 1992 814 2074 Ego
838 2003 872 2054 te
895 1993 1032 2072 baptizo
1057 1996 1092 2055 in
1108 2013 1167 2054 no·

201 2104 293 2163 mine
317 2103 428 2181 patria
451 2112 484 2161 et
508 2098 588 2170 filia,
614 2112 677 2162 etc.

300 2236 530 2295 Transmutalio
568 2233 607 2295 fit
641 2234 831 2314 tripliciter,
866 2236 948 2315 quia
981 2234 1167 2314 aliquando

202 2343 312 2402 variat
336 2342 500 2402 orationis
524 2342 739 2409 sententiam.
764 2350 803 2401 ut
826 2342 854 2401 si
882 2340 1067 2402 diceretur:
1098 2359 1166 2422 ego

202 2448 315 2511 Patris
338 2447 474 2526 baptizo
498 2456 532 2508 te
556 2448 590 2508 in
615 2448 752 2509 nomine
769 2446 847 2508 Filii
865 2457 899 2508 et
916 2447 1068 2528 Spiritus
1084 2446 1168 2509 San·

202 2556 257 2615 cti.
283 2553 483 2633 Aliquando
508 2574 576 2615 non
609 2556 719 2615 variat
749 2554 915 2615 orationis
949 2555 1165 2625 sententiam.

203 2671 240 2721 ut
264 2662 292 2721 si
317 2661 499 2721 diceretur:
525 2679 591 2742 ego
616 2670 649 2721 te
673 2660 809 2739 baptizo
833 2662 867 2720 in
886 2660 1023 2721 nomine
1039 2660 1120 2722 Filii
1131 2670 1166 2722 et

203 2766 316 2828 Patris
339 2777 374 2828 et
397 2766 548 2845 Spiritus
571 2767 700 2828 Sancti.
725 2765 839 2826 Prima
850 2769 1092 2829 transmutatio
1108 2770 1170 2828 im-

203 2873 297 2954 pedit
322 2873 547 2951 Baptismum,
572 2874 706 2933 secunda
729 2892 811 2933 vero
835 2892 914 2942 non,
950 2874 1016 2934 nisi
1047 2884 1169 2954 ageret

203 3000 247 3041 ex
271 2980 403 3040 malitia
427 2980 548 3041 volens
570 2982 725 3041 minister
749 2979 909 3041 inducere
933 2999 1091 3042 errorem.

294 3113 489 3190 litterposirr'o
513 3124 626 3175 autem
651 3113 707 3175 vel
736 3114 944 3174 intermissio
971 3112 1010 3174 fit
1026 3112 1169 3194 duplici·

203 3228 264 3287 ter,
289 3222 370 3300 quia
394 3228 452 3281 aut
476 3230 529 3281 est
552 3228 647 3280 tanta
671 3220 763 3299 quod
797 3220 1029 3281 discontinuat
1060 3221 1169 3281 inten-

203 3326 341 3394 tionem,
367 3337 400 3387 et
424 3325 563 3407 longam
588 3325 669 3387 facit
692 3344 832 3394 moram,
866 3335 904 3387 ut
938 3328 965 3387 si
1002 3329 1170 3407 inciperet

203 3430 347 3492 formam
374 3432 540 3511 Baptismi
567 3442 600 3493 et
625 3443 746 3511 postea
767 3434 831 3493 iret
861 3434 903 3493 ad
919 3433 1167 3494 comedendum

203 3538 258 3598 vel
284 3539 326 3598 ad
351 3536 471 3609 forum,
496 3550 530 3600 et
554 3550 634 3600 ωηο
659 3540 745 3603 nihil
769 3538 808 3599 fit
831 3542 897 3601 nisi
931 3542 1167 3620 reincipiatur:
