2600 4200
373 771 690 879 Distinctio
728 769 1010 877 XXXVI.

303 1045 422 1120 Nunc
453 1045 504 1119 de
534 1045 779 1120 conditione
809 1043 1095 1120 videamuS...

307 1237 397 1298 Circa
422 1238 569 1297 Distinet.
592 1241 635 1313 36
651 1243 683 1296 et
696 1237 775 1296 duas
789 1239 872 1296 alias
882 1242 1051 1314 sequentes,
1066 1256 1183 1313 quara

214 1351 277 1405 tres
302 1345 504 1418 Quastioues.
530 1344 661 1405 Primo:
708 1345 825 1404 Utrum
858 1345 992 1402 seruitus
1024 1343 1185 1420 impediat

212 1453 458 1511 matrimonium.
485 1447 657 1512 Secundo:
689 1451 804 1511 Utrum
826 1451 909 1510 Orda
923 1470 1012 1510 sacer
1026 1451 1184 1527 impediat

212 1559 459 1617 matrimonium.
485 1557 617 1618 Tertio:
649 1557 765 1618 Utrum
788 1562 891 1616 votum
907 1558 1104 1616 coutinentia
1119 1559 1181 1615 im·

208 1664 319 1742 pedzat
341 1665 587 1724 matrimonium.

576 1908 759 1990 QnAEsno
783 1909 809 1971 Ι.

326 2053 382 2113 Ad
395 2055 538 2131 primam
566 2054 777 2129 Quantiauem
798 2055 844 2113 sic
860 2054 1059 2131 proceditur:

303 2210 450 2274 Videtur
465 2213 557 2294 quod
573 2214 722 2275 servitus
734 2213 898 2293 impediat
908 2214 1177 2284 matrimonium,

213 2320 294 2400 quia
317 2318 433 2380 nullus
455 2328 569 2400 potest
581 2319 661 2380 dare
678 2318 840 2391 alienum3
866 2319 927 2380 sed
942 2336 1067 2399 corpus
1082 2324 1175 2381 servi

213 2434 266 2486 est
289 2424 416 2487 domini
442 2426 561 2505 ipsius,
586 2426 772 2487 seeundum
797 2425 1045 2505 Philosophum
1059 2444 1092 2502 3.
1117 2426 1179 2487 Pa·

213 2534 309 2601 litic.,·
331 2552 415 2613 ergo
440 2552 560 2593 servus
584 2551 652 2594 non
676 2542 791 2613 potest
809 2532 894 2594 dare
917 2552 1042 2612 corpus
1065 2532 1175 2595 alteri.

213 2636 283 2700 Sed
306 2638 545 2700 contrahentes
568 2639 650 2699 dant
667 2640 732 2699 sibi
749 2646 868 2700 mutuo
884 2647 1089 2719 potestatem
1104 2658 1179 2700 cor·

213 2763 350 2824 porun1;
376 2762 469 2825 ergo.

303 2850 341 2910 lu
378 2853 572 2911 contrarium
606 2850 750 2912 habetur
783 2851 901 2913 Extra.
941 2852 993 2911 De
1029 2852 1177 2929 conjugia

214 2978 376 3017 servarum
399 2979 423 3017 c.
448 2977 475 3018 1.

303 3062 347 3124 ΙΝ
372 3077 456 3126 mn
482 3062 716 3143 QnAEsnonn
739 3074 819 3125 sunt
842 3065 908 3125 tria
931 3064 1089 3126 videnda.
1102 3064 1178 3124 Pri·

213 3190 272 3237 ma,
301 3170 390 3231 unde
413 3181 466 3231 est
489 3170 683 3232 introducta
698 3171 856 3232 servitus.
875 3167 1023 3238 Secundo,
1040 3172 1068 3232 si
1081 3171 1175 3251 juste

215 3285 267 3337 est
292 3277 493 3337 introducta.
526 3278 637 3344 Tertza,
667 3276 855 3357 principale
878 3278 1073 3357 quaesitum.

303 3488 368 3553 De
386 3490 543 3569 prima,
567 3489 643 3551 dico
668 3492 755 3551 sicut
779 3492 937 3570 superius
967 3491 1094 3552 dictum
1121 3500 1175 3553 est

216 3597 251 3655 in
275 3605 422 3657 tractatu
446 3597 488 3657 de
522 3596 740 3666 Paenitentia,
775 3596 868 3676 quod
901 3606 1022 3658 natura
1055 3616 1176 3658 omnes
