2600 4200
388 241 576 309 Drsrrucr:
602 243 615 305 Ι
640 242 788 323 Quasi.
814 244 844 306 ΙΙ
1045 265 1067 326 9

123 449 291 511 incarnare
314 449 497 512 secundum
522 471 601 521 rem,
615 450 671 512 sed
694 451 847 513 vocaliter
871 453 1091 529 tantum35ed

122 557 289 638 passivum
316 558 401 617 reale
424 557 483 618 sibi
496 559 753 638 correspondens
780 566 829 619 est
844 558 976 631 assumi,
1003 560 1090 622 unde

123 671 186 724 tres
209 663 382 726 incarnant
405 664 520 736 active,
545 665 601 726 sed
625 685 691 726 una
713 665 782 726 sola
806 665 957 726 terminat
987 667 1090 727 incar-

124 771 289 832 nationem
304 779 337 832 et
361 771 414 831 illa
437 771 553 832 dicitur
566 770 723 833 incarnari
740 792 807 833 non
827 780 937 833 tamen
954 773 1088 853 passive.

209 878 270 939 Ad
291 887 450 958 quartum
475 877 548 938 dico
572 877 662 958 quod
686 879 792 959 masor
814 887 862 939 est
886 899 962 939 vera
985 879 1010 940 si
1042 879 1088 940 in-

122 985 289 1066 telligatur
315 985 356 1046 de
381 985 592 1066 proportione
615 1005 690 1065 quae
714 985 891 1046 attenditur
915 985 946 1046 in
975 1007 1090 1047 conve-

123 1092 243 1153 nientia
268 1091 408 1164 ordinis;
444 1091 469 1152 si
505 1101 615 1152 autem
651 1092 848 1173 intelligatur
882 1093 923 1153 de
958 1113 1090 1174 propor-

122 1199 210 1260 tione
235 1219 314 1280 quae
338 1208 386 1259 est
421 1199 696 1260 commensuratio
719 1200 919 1280 quantitatis
952 1219 1018 1261 non
1042 1211 1090 1261 est

122 1326 249 1367 verum.
275 1305 375 1368 Nunc
397 1315 509 1367 autem
533 1305 614 1367 inter
638 1316 820 1367 creaturam
844 1314 877 1367 et
901 1306 1010 1367 Deum
1041 1315 1090 1368 est

121 1413 353 1474 convenientia
376 1412 496 1474 ordinis
520 1432 580 1493 pro
603 1432 642 1474 eo
666 1414 756 1493 quod
777 1422 892 1474 natura
916 1413 1088 1486 rationalis,

120 1540 159 1580 eo
183 1520 257 1600 ipso
281 1519 372 1600 quod
396 1528 445 1581 est
467 1519 579 1599 imago
604 1519 677 1593 Dei,
702 1529 777 1580 nata
800 1528 849 1580 est
883 1520 1023 1580 ordinari
1047 1521 1089 1581 ad

120 1625 229 1707 ipsum
254 1626 455 1698 immediate,
480 1626 553 1688 ideo
588 1627 776 1688 conceditur
812 1627 979 1707 proportio
1014 1647 1089 1706 quae

121 1733 241 1794 sufficit
265 1733 310 1794 ad
334 1732 418 1794 hanc
443 1733 607 1794 unionem.

186 1840 248 1901 Ad
269 1839 426 1901 ultimum
451 1839 524 1900 dico
548 1839 638 1920 quod
662 1839 877 1921 dependentia
902 1849 1008 1921 potest
1026 1849 1089 1901 ter-

120 1946 237 2008 minari
263 1947 306 2008 ad
330 1947 453 2027 aliquid
477 1947 699 2028 indipendenS,
724 1947 801 2008 dato
818 1948 907 2027 quod
922 1946 998 2007 illud
1024 1967 1088 2009 non

119 2054 160 2115 sit
183 2054 386 2116 absolutum.
413 2053 457 2116 Et
481 2054 525 2116 sic
548 2063 596 2117 est
620 2054 652 2115 in
677 2053 844 2136 proposito
868 2055 944 2135 quia
970 2075 1090 2135 suppo-

119 2162 222 2223 situm
246 2161 350 2224 Verbi
374 2171 423 2223 est
446 2161 678 2243 independens

495 2320 672 2401 Qunsrro
696 2321 736 2383 ll.

444 2480 589 2543 Secundo
612 2482 775 2562 quaritur

222 2641 331 2696 Utrum
348 2654 408 2694 uua
426 2654 546 2707 persona
565 2640 652 2707 possit
670 2640 815 2695 lnonrnarl
834 2640 894 2694 slne
911 2639 980 2694 ullu.

190 2786 332 2847 Videtur
354 2784 444 2865 quod
469 2805 545 2859 non,
559 2784 634 2865 quia
647 2785 828 2847 secundum
845 2796 973 2846 sanctos
989 2806 1089 2865 opera

118 2892 291 2955 Trinitatis
315 2892 356 2953 ad
379 2902 473 2953 extra
497 2902 572 2953 sunt
596 2891 750 2972 indivisa3
774 2893 830 2953 sed
848 2892 1024 2953 incarnatio
1040 2899 1088 2952 est

119 3020 206 3082 opus
229 2998 413 3075 Trinitatis;
437 3018 526 3080 ergo

192 3123 221 3167 2.
251 3106 422 3175 Praeterea,
437 3105 542 3185 major
575 3114 624 3166 est
656 3105 732 3167 unio
757 3105 962 3187 hypostatica
986 3128 1087 3187 qnam

120 3212 291 3289 beatifica;
317 3213 372 3275 sed
397 3212 429 3273 in
455 3212 573 3274 unione
596 3212 745 3275 beatifica
767 3213 877 3274 anima
902 3234 965 3274 non
981 3222 1087 3293 potest

121 3321 204 3383 uniri
231 3321 286 3382 uni
311 3338 460 3401 personae
485 3318 563 3400 quin
588 3320 717 3381 uniatur
752 3319 836 3394 aliis;
868 3340 947 3400 ergo
979 3320 1088 3380 simili-

121 3438 170 3490 ter
194 3437 311 3490 natura
337 3426 482 3488 humana
505 3446 570 3488 non
595 3436 702 3507 potest
738 3427 820 3488 uniri
856 3428 909 3488 uni
939 3447 1086 3507 personae

120 3536 199 3617 quin
225 3534 357 3596 uniatur
381 3532 481 3597 alteri.

216 3640 348 3705 Contra.
373 3638 471 3704 Joan.
496 3657 524 3702 r.
549 3635 694 3703 Verbum
719 3660 794 3701 caro
817 3638 939 3701 factum
953 3649 1001 3700 est
1010 3659 1017 3714 ;
1032 3640 1088 3700 sed
