2600 4200
266 230 325 292 188
507 229 580 293 Lm.
606 229 653 293 ΙΙΙ
677 228 971 293 Sauraurmnuu

305 429 366 498 Ao
391 434 534 498 nuruum
558 447 776 497 cumcuma
811 435 886 497 dico
920 433 1020 515 quod,
1052 442 1089 495 ut
1114 440 1196 515 patet

237 562 297 624 per
334 541 546 605 Aristotelem
579 560 611 605 1.
648 540 930 622 Perylzermenias,
958 538 1092 602 nomina
1130 546 1196 602 sunt
1267 587 1269 598 ,

238 647 391 729 imposita
414 648 456 710 ad
480 647 648 730 placitum,
674 648 761 710 unde
784 668 858 729 spes
885 654 992 733 potest
1014 644 1140 728 imponi
1161 645 1197 706 ad

236 753 489 836 significandum
507 754 692 837 passionem
716 754 907 836 impressam
925 754 957 816 in
972 752 1120 835 appetitu
1136 772 1196 814 sen·

237 861 389 936 sitiv0,et
412 861 456 924 sic
481 882 547 924 non
571 870 620 924 est
645 861 747 924 virtus
770 881 830 923 nec
854 860 1039 942 theologica
1062 880 1122 921 nec
1138 878 1197 920 mo

239 968 321 1029 ralis.
347 967 426 1031 Alio
459 969 559 1031 modo
594 976 703 1050 potest
737 967 840 1049 accipi
875 988 949 1049 spes
975 966 1008 1028 in
1041 975 1196 1048 quantum
1267 967 1269 981 ²

236 1082 286 1136 est
303 1074 433 1137 habitus
449 1074 605 1138 inclinans
621 1075 664 1138 ad
680 1075 879 1156 sperandum
895 1073 1062 1154 objectum
1078 1073 1195 1140 absens,

235 1188 270 1242 et
293 1179 338 1243 sic
361 1190 409 1243 est
433 1180 533 1243 virtus
557 1180 755 1263 theologica,
778 1190 811 1242 et
834 1180 896 1242 isto
920 1180 1021 1241 modo
1040 1178 1196 1260 loquimur

238 1285 291 1349 hic
316 1286 347 1348 in
372 1287 524 1369 praesenti
548 1288 588 1349 de
612 1308 679 1369 spe.

304 1392 362 1455 Ad
381 1394 556 1456 secundum
580 1393 698 1457 dicitur
721 1393 903 1456 secundum
924 1392 1011 1455 viam
1036 1392 1196 1454 Bonaven-

236 1507 329 1574 turm,
347 1501 436 1581 quod
461 1500 562 1563 virtus
586 1509 694 1583 potest
716 1500 779 1563 dici
806 1499 951 1562 medium
973 1498 1114 1561 duarum
1138 1517 1195 1559 ma·

238 1605 378 1668 litiarum
402 1607 532 1670 duobus
556 1608 670 1670 modis.
694 1606 762 1671 Uno
779 1606 870 1668 modo
892 1606 975 1667 sicut
995 1604 1195 1667 constitutiva

239 1712 435 1775 malitiarum
458 1714 491 1775 in
515 1734 554 1776 eo
578 1714 667 1795 quod
692 1714 831 1776 retinent
861 1711 983 1793 aliquid
1007 1712 1038 1773 in
1071 1710 1195 1773 nomine

236 1838 303 1881 non
321 1819 353 1881 in
371 1841 403 1882 re
419 1820 460 1883 de
485 1829 622 1902 utroque
646 1829 805 1893 extremo,
822 1819 906 1883 sicut
929 1818 1109 1893 liberalitas,
1126 1816 1195 1899 quia

165 1962 169 1971 ·
238 1924 375 1987 liberalis
398 1936 446 1988 est
470 1926 526 2008 qui
562 1927 676 1989 retinet
712 1926 889 1999 retinenda,
914 1934 946 1987 et
972 1925 1018 1987 sic
1051 1922 1196 1986 convenit

234 2050 312 2093 cum
337 2053 444 2095 avaro.
471 2034 552 2095 Item
577 2034 633 2095 dat
661 2032 779 2108 danda,
803 2032 904 2095 etsie
940 2032 1091 2093 convenit
1125 2049 1195 2093 cum

234 2139 384 2222 prodigo
410 2141 486 2202 Alio
510 2141 601 2204 modo
628 2141 785 2222 accipitur
821 2140 965 2201 medium
1003 2139 1193 2200 malitiarum
1267 2120 1269 2165 ἶ

233 2244 266 2306 in
290 2255 451 2328 quantum
475 2257 524 2309 est
555 2248 800 2320 destructivam,
829 2245 912 2308 sicut
944 2265 1018 2326 spes
1053 2243 1193 2313 destruit,
1267 2240 1269 2321 ζ

234 2351 318 2413 idest
345 2363 490 2415 removet
526 2353 818 2434 praesumptionem
853 2361 885 2415 et
919 2351 1176 2433 desperationem
1189 2370 1195 2423 ;

234 2459 343 2540 masor
364 2467 474 2521 autem
499 2469 546 2521 est
570 2480 645 2522 vera
669 2460 710 2521 de
735 2459 844 2522 medio
868 2459 975 2541 primo
1000 2457 1101 2520 modo
1116 2475 1196 2521 sum-
1267 2450 1269 2461 '

234 2572 293 2644 pto
316 2573 348 2626 et
372 2585 437 2628 non
462 2566 503 2628 de
539 2566 647 2628 medio
683 2587 739 2628 seu
771 2565 812 2628 de
848 2565 1022 2628 medietate
1057 2563 1197 2627 secundo

235 2669 346 2744 mod0,
372 2672 454 2734 sicut
477 2681 525 2734 est
549 2671 580 2734 in
606 2672 785 2754 proposito.

304 2777 361 2838 Ad
396 2779 550 2841 ultimum
589 2779 706 2841 dicitur
741 2779 833 2861 quod
867 2786 1098 2860 argumentum
1134 2795 1196 2838 non

234 2882 321 2944 valet
344 2885 420 2965 quia
443 2905 518 2947 curn
551 2886 615 2948 sint
650 2895 758 2968 partes
793 2884 1005 2967 perfectibiles
1039 2883 1196 2966 imaginis,

236 2989 355 3051 scilicet
379 2991 568 3066 intellectus
585 2991 742 3055 memoria
765 3002 798 3054 et
814 2992 973 3066 voluntas,
988 3001 1117 3073 oportet
1133 3010 1198 3051 cor·

233 3098 467 3177 respondenter
487 3119 607 3180 ponere
622 3108 687 3160 tres
704 3098 924 3181 perfectiones
942 3098 1062 3161 scilicet
1088 3096 1195 3168 fidem,

232 3222 325 3282 spem
350 3212 382 3265 et
405 3204 606 3267 charitatem.
638 3203 767 3268 Contra.
794 3206 879 3268 Duae
907 3215 1015 3286 partes
1038 3203 1196 3286 imaginis,

231 3308 352 3370 scilicet
376 3309 556 3373 intellectus
579 3321 612 3373 et
636 3312 792 3375 memoria
817 3311 979 3394 pertinent
994 3311 1037 3373 ad
1060 3311 1197 3373 eandem

234 3416 414 3494 potentiam
439 3417 687 3497 intellectivam;
712 3440 791 3501 ergo
814 3419 882 3481 duo
917 3418 1047 3480 habitus
1076 3417 1196 3480 theolo

231 3519 306 3601 gici,
324 3531 403 3603 puta
427 3521 507 3587 fides
531 3534 562 3587 et
586 3546 668 3607 spes,
693 3534 788 3587 erunt
804 3525 837 3586 in
855 3524 1030 3599 intellectu,
1044 3524 1134 3606 quod
1149 3531 1196 3585 est

234 3621 351 3688 salsum
376 3627 452 3709 quia
476 3651 549 3712 spes
573 3631 792 3694 communiter
815 3629 946 3713 ponitur
974 3630 1006 3692 in
1028 3630 1197 3692 voluntate
