2600 4200
344 165 533 226 Drsrn'cr.
552 164 701 225 XXVII
723 162 873 244 QuAEsr.
893 165 927 241 ΙΙ
1020 168 1079 243 267

146 345 278 425 prolem
303 344 398 404 sua'm
423 344 512 403 sicut
535 344 708 422 seipsum3
734 343 794 403 sed
811 343 955 422 quilibet
970 352 1106 404 tenetur

145 451 291 532 diligere
315 470 352 511 se
376 452 419 511 ad
443 450 621 511 honestam
645 452 939 511 conversationem
975 459 1008 511 et
1039 450 1109 535 cul-h

146 569 219 619 tum
244 558 419 629 divinum;
445 559 552 637 igitur
580 557 680 617 debet
715 556 859 639 diligere
894 568 927 618 et
961 557 1105 617 educare

145 664 277 746 prolem
313 684 409 725 suam
445 665 559 724 debite
594 664 636 723 ad
671 664 799 724 cultum
835 662 999 725 divinum.
1029 663 1105 724 Hoc

145 772 353 851 confirmatur
368 790 429 850 per
445 770 684 851 Augustinum
706 776 800 847 super
820 772 930 830 Gener.
950 790 978 846 9.
995 771 1107 831 dicen·

144 889 235 939 tem:
277 879 410 939 Bonum
451 878 557 956 prolis
596 877 720 937 dicitur
760 896 826 937 non
867 879 941 958 ipsa
979 876 1104 958 proles,

149 986 209 1046 sed
234 1004 314 1065 spes
338 1004 376 1045 ac
401 985 606 1045 desiderium
630 1004 699 1063 quo
730 984 844 1063 proles
879 986 1044 1065 quaeritur
1068 995 1105 1044 ut

147 1093 311 1173 religiose
328 1090 539 1152 informetur.
558 1127 599 1134 -—
617 1092 758 1150 Secunda
769 1096 850 1167 pars
866 1091 1029 1170 probatur
1045 1093 1104 1161 sie,

146 1202 227 1278 quia
251 1200 279 1259 si
303 1199 558 1258 matrimonium
591 1218 659 1257 non
695 1207 785 1257 esset
820 1198 908 1257 inter
941 1217 1105 1277 personas

145 1308 398 1374 determinatas,
424 1304 484 1364 sed
518 1314 609 1365 esset
644 1324 736 1383 vaga
769 1306 963 1384 permixtio,
988 1316 1025 1365 ut
1049 1325 1106 1384 po·

147 1415 250 1475 nebat
274 1410 443 1476 Socrates,
468 1412 532 1471 hoc
564 1420 655 1472 esset
683 1414 791 1488 primo
825 1423 944 1471 contra
977 1412 1104 1472 bonum

146 1520 274 1600 prolis;
298 1519 429 1578 secundo
452 1528 570 1578 contra
592 1518 719 1577 bonum
744 1516 899 1589 familiae;
924 1521 1013 1577 lertio
1029 1512 1108 1578 conl

145 1606 205 1687 tra
221 1628 348 1687 bonum
373 1626 533 1685 civitatis.
558 1624 705 1684 Primum
731 1624 903 1703 probatur,
928 1627 1009 1704 quia
1032 1644 1106 1704 pro-

146 1734 197 1794 les
221 1753 287 1794 non
313 1731 475 1811 religiose
498 1732 708 1801 educaretur,
734 1741 805 1791 tum
838 1750 882 1791 ex
920 1742 1016 1811 parte
1049 1751 1106 1811 pa·

148 1849 284 1901 rentum
308 1840 366 1919 qui
391 1858 458 1899 non
478 1837 641 1898 haberent
665 1838 923 1899 determinatam
949 1828 1110 1899 notitiam⁴

150 1968 222 2008 suae
247 1946 354 2027 prolis
378 1946 499 2005 saltem
523 1954 629 2024 pater,
655 1956 689 2005 et
713 1948 760 2005 ita
789 1964 855 2005 non
891 1956 981 2006 esset
1015 1936 1110 2006 solliss

148 2056 237 2116 citus
261 2072 333 2115 suae
357 2052 445 2133 proli
470 2052 618 2113 debitam
647 2052 842 2131 impendero
877 2048 1108 2133 disciplinam'

147 2180 208 2222 nec
232 2181 250 2221 e
274 2179 441 2221 converso
465 2160 579 2237 proles
602 2160 690 2238 patri
713 2158 860 2219 debitam
878 2161 1103 2220 reverentiam

146 2279 181 2329 et
204 2270 360 2329 timorem
383 2265 521 2326 filialem
545 2277 685 2346 propter
708 2285 809 2345 quem
833 2267 988 2327 timorem
1013 2265 1105 2328 filius

147 2375 261 2454 magis
285 2373 400 2433 obedit
423 2374 522 2450 patri,
547 2381 581 2431 et
605 2371 646 2430 ab
671 2391 711 2431 eo
724 2369 858 2432 facilius
882 2382 934 2432 est
957 2373 1106 2452 discipli-

148 2480 273 2541 nabilis
296 2497 398 2558 quam
423 2479 465 2539 ab
490 2479 566 2538 alin.
592 2479 769 2538 Secundmn
793 2479 895 2538 etiam
930 2479 1103 2558 probatur,

147 2589 228 2666 quia
239 2587 366 2646 bonum
379 2584 518 2646 lamiliae
531 2586 689 2645 consistit
701 2587 736 2644 in
753 2585 868 2664 aliqua
883 2584 981 2646 firma
996 2587 1106 2646 adhae·

147 2697 243 2756 sione
268 2710 490 2773 personarum
514 2692 754 2771 principalium
780 2689 939 2764 familiae;
963 2693 1023 2753 sed
1039 2695 1105 2754 ista

146 2799 245 2861 firma
267 2800 419 2860 adhaesio
444 2819 511 2858 non
536 2807 626 2858 esset
650 2799 715 2858 nisi
741 2796 1105 2879 familiaeognosceret

147 2916 289 2986 patrem.
321 2907 462 2965 Tertium
478 2906 580 2965 etiam
606 2914 700 2983 patet
713 2906 793 2983 quia
805 2906 954 2966 amicitia
965 2907 1103 2976 civium,

147 3024 185 3074 ut
208 3013 403 3093 plurimum,
428 3021 481 3072 est
507 3031 551 3072 ex
590 3011 814 3072 determinata
849 3012 1105 3091 propinquitate

146 3123 181 3180 in
206 3120 316 3201 gradu
340 3128 452 3190 cert0;
479 3119 538 3179 sed
562 3119 607 3179 ibi
634 3117 729 3178 nulla
752 3128 842 3178 esset
866 3119 1105 3198 propinquitas

146 3227 182 3287 in
216 3236 310 3287 certo
341 3226 450 3306 gradu
485 3243 563 3304 quae
598 3235 689 3285 esset
724 3243 827 3284 causa
866 3226 1035 3285 amicitiae.
1062 3261 1103 3268 -

154 3335 261 3394 Tertab
271 3340 352 3409 pars
378 3335 512 3391 minoris
545 3341 641 3412 patet
674 3352 719 3394 ex
754 3340 850 3411 parte
878 3333 998 3412 prima,
1023 3333 1106 3411 quia

145 3440 271 3501 melius
293 3450 345 3500 est
369 3438 461 3519 quod
484 3438 599 3520 proles
622 3440 787 3500 educatur
803 3439 830 3498 si
848 3447 1007 3519 parentes
1024 3448 1109 3500 sunt·

148 3546 378 3608 indissolubili
402 3545 541 3606 vinculo
564 3546 724 3625 copulati.

1027 3683 1052 3724 18
