2600 4200
222 247 281 303 144
445 226 519 286 Lis.
545 225 596 286 IV
623 223 928 287 Sunrsnrmuun

194 404 328 485 Corpus
351 403 478 466 Christi
503 406 538 465 in
562 407 694 466 ratione
711 404 866 465 nutritivi
884 403 940 464 vel
956 404 1155 464 nutrimenti

193 511 392 592 spiritualis
419 511 494 572 Res
518 513 620 573 etiam
652 520 822 580 contenta,
858 510 988 572 scilicet
1022 508 1156 590 Corpus

194 617 321 680 Christi
345 637 443 698 aeque
466 627 580 698 potest
603 616 730 679 salvari
755 636 832 679 cum
849 617 1042 678 substantia
1057 618 1155 697 panis

193 727 283 787 sicut
306 743 383 785 cum
408 725 649 794 accidentibus,
675 726 757 804 quia
772 743 840 785 non
857 733 1027 805 repugnat
1043 725 1156 804 magis

193 833 396 893 substantiae
421 849 496 892 esse
519 849 596 891 cum
621 831 814 892 substantia
829 829 941 900 simul,
959 848 1062 910 quam
1077 847 1155 890 cum

193 939 385 1017 quantitate
409 936 503 997 illius
526 938 739 998 substantiae.

283 1045 424 1104 Secundo
448 1045 510 1105 sic:
536 1043 633 1105 Nihil
657 1053 709 1105 est
722 1045 906 1104 tenendum
923 1054 1096 1123 tamquam
1113 1043 1155 1103 de

193 1152 388 1212 substantia
410 1149 489 1211 fidei
514 1152 579 1212 nisi
605 1151 697 1230 quod
721 1159 835 1230 potest
858 1169 1022 1229 expresse
1038 1149 1154 1210 haberi

192 1258 235 1318 de
259 1276 356 1317 sacra
380 1255 567 1336 Scriptura,
593 1257 648 1318 vel
672 1276 836 1336 expresse
860 1256 1068 1318 declaratum
1094 1275 1156 1335 per

192 1363 394 1433 Ecclesiam,
420 1363 475 1424 vel
492 1363 668 1424 evidenter
684 1372 847 1444 sequatur
862 1383 906 1424 ex
923 1362 1038 1442 aliquo
1054 1361 1156 1442 plane

192 1479 354 1531 contento
378 1471 413 1530 in
438 1467 625 1549 Scriptura,
652 1470 707 1531 vel
731 1469 833 1549 plane
856 1469 1081 1530 determinato
1112 1469 1156 1529 ab

193 1575 363 1647 Ecclesia;
390 1576 541 1637 sednon
566 1576 703 1637 videtur
728 1576 845 1638 haberi
880 1595 1054 1656 expresse,
1086 1595 1156 1636 non

192 1701 268 1743 esse
292 1683 338 1743 ibi
363 1701 497 1762 panem,
523 1702 600 1744 nam
617 1683 712 1760 Joan.
738 1689 766 1743 ό.
792 1684 965 1744 scribitur:
983 1680 1062 1764 Ego
1078 1701 1156 1742 sum

191 1790 292 1868 panis
316 1790 428 1850 vivus
454 1788 500 1850 Et
532 1789 726 1869 Apostolus
760 1790 858 1851 dicit:
893 1789 1021 1851 Panem
1053 1807 1155 1868 quem

192 1895 385 1976 frangimus
410 1915 522 1957 nonne
545 1897 808 1958 communicatio
831 1895 993 1977 Corporis
1027 1894 1155 1958 Christi

191 2005 265 2063 est?
290 2002 361 2063 Nec
386 2003 522 2064 videtur
546 2003 602 2064 ubi
617 2002 775 2064 Ecclesia
790 2003 970 2064 veritatem
988 2005 1086 2064 istam
1104 2021 1160 2064 so-.

192 2109 351 2170 lemniter
375 2110 586 2172 determinet.

282 2215 347 2276 Pro
369 2218 502 2276 secundo
525 2219 669 2295 opinione
692 2217 848 2297 arguitur
872 2218 934 2278 sic:
960 2215 1015 2278 Ex
1032 2234 1159 2296 praece·

192 2322 285 2382 denti
311 2322 513 2401 probatione
537 2333 678 2403 apparet
701 2323 794 2403 quod
810 2343 878 2385 non
892 2324 1027 2384 videtur
1042 2325 1158 2405 magis

191 2428 328 2508 probari
346 2448 390 2489 ex
408 2426 585 2509 Scriptura
601 2430 921 2491 transubstantiatio
937 2448 1039 2509 quam
1056 2431 1158 2509 panis

192 2554 339 2606 manere,
365 2538 469 2597 immo
492 2536 615 2597 minus.

286 2642 400 2702 Contra
425 2645 500 2702 istas
523 2645 682 2719 opiniones
694 2644 851 2724 arguitur
866 2645 929 2704 sic:
947 2643 1063 2704 Primo
1079 2661 1159 2704 con-

192 2758 246 2809 tra
268 2749 423 2830 primam,
449 2750 531 2829 quia
555 2751 630 2829 ipsa
646 2759 698 2810 est
715 2729 940 2818 inconveniens,
958 2750 1158 2828 impossibilis

192 2866 226 2916 et
250 2856 403 2916 haeretica.

282 2960 430 3021 Primum
455 2962 628 3041 probatur,
655 2963 736 3041 quia
758 2962 848 3023 tollit
860 2964 1085 3023 reverentiam
1101 2962 1158 3023 de-

191 3068 299 3128 bitam
324 3066 462 3130 Christo
486 3078 524 3128 ut
548 3070 742 3130 continetur
765 3070 799 3130 in
824 3069 946 3138 hostia,
971 3071 1037 3131 sibi
1063 3070 1155 3131 enim

192 3183 230 3234 ut
253 3183 306 3235 est
331 3176 365 3235 in
390 3173 610 3235 Eucharistia
634 3176 777 3237 debetur
800 3176 914 3237 cultus
937 3176 1058 3249 latriae;
1095 3178 1156 3238 sed

191 3280 221 3340 si
246 3280 292 3341 ibi
318 3291 471 3342 maneret
495 3283 688 3343 substantia
710 3283 810 3362 panis
834 3302 902 3343 non
927 3284 1064 3345 deberet
1075 3282 1156 3344 talis

191 3386 306 3448 cultus
345 3387 497 3449 adhiberi
537 3398 677 3467 propter
715 3388 943 3450 idololatriam
982 3390 1155 3450 adorando

191 3504 391 3554 creaturam.

282 3600 432 3668 Secundo,
462 3600 591 3662 scilicet
615 3603 707 3681 quod
731 3604 857 3682 positio
882 3603 926 3663 sit
957 3603 1157 3679 impossibilis
