2600 4200
230 231 292 306 336
456 229 531 289 Lre.
557 228 608 289 IV
633 225 938 290 semmurensi

205 407 341 468 dentem
367 417 401 467 et
423 407 698 468 transversalem.
724 406 955 475 Descendens,
980 416 1035 466 est
1059 425 1084 466 a
1098 423 1174 486 per·

206 527 291 575 sona
313 524 526 594 propagante
550 513 593 574 ad
616 531 781 594 personas
803 523 1024 594 propagatas.
1038 512 1173 574 Ascen-

206 621 291 681 dens
315 639 396 681 vero
419 639 438 681 e
462 637 628 681 converso
652 640 674 680 a
696 620 898 702 propagatis
921 618 965 680 ad
976 637 1173 700 propagan-

206 737 267 788 tes
293 725 550 788 Transversalis
572 735 625 787 est
649 726 910 807 quanddambae
926 743 1086 806 personae
1098 725 1174 787 des·

205 833 356 894 cendunt
378 833 421 893 ab
444 831 573 903 eodem,
599 832 661 893 sed
683 841 804 895 neutra
827 833 871 893 ab
894 832 1010 893 altera
1046 833 1173 906 Quinta

205 949 259 1000 est
282 941 362 1000 ista:
387 939 515 1020 gradus
532 949 585 1000 est
600 938 825 1000 determinata
839 939 1082 1018 propinquitas
1097 957 1176 1018 per·

206 1065 300 1106 sonae
326 1045 367 1106 ad
391 1063 571 1125 personam
597 1046 784 1106 secundum
819 1046 1171 1125 consanguinitatem,

206 1163 240 1212 et
264 1154 328 1213 iste
352 1151 480 1232 gradus
505 1153 679 1213 invenitur
700 1171 762 1231 per
785 1152 881 1232 prius
904 1153 939 1212 in
952 1151 1044 1212 linea
1055 1169 1175 1212 ascen·

206 1259 308 1320 dente
331 1270 364 1319 et
388 1259 624 1328 descendente,
650 1277 752 1338 quam
778 1260 812 1319 in
824 1258 916 1319 linea
931 1257 1171 1319 transversaii.

300 1469 517 1549 Quantum
552 1471 608 1534 ad
641 1471 873 1534 swurudum
908 1470 1173 1544 Articulum,

205 1597 296 1657 pono
320 1587 389 1637 tres
402 1576 540 1657 regulas
553 1596 612 1638 seu
624 1577 887 1658 propositiones,
900 1595 1046 1658 quarum
1056 1581 1172 1656 prima

206 1693 259 1744 est
283 1683 362 1744 ista:
388 1682 427 1744 In
452 1683 543 1745 linea
566 1691 648 1744 recta
672 1693 724 1746 tot
746 1693 827 1746 sunt
842 1685 972 1765 gradus
987 1693 1073 1764 quot
1088 1693 1172 1746 sunt

207 1809 374 1870 personae,
388 1809 456 1851 una
478 1792 601 1852 minus.
629 1789 706 1851 Hoc
729 1792 902 1870 probatur,
928 1792 1010 1870 quia
1019 1798 1073 1852 tot
1088 1799 1172 1851 sunt

208 1898 254 1958 ibi
279 1897 408 1978 gradus
431 1907 514 1976 quot
538 1905 619 1958 sunt
641 1897 688 1957 ibi
712 1899 993 1979 propagationem
1012 1897 1074 1958 sed
1088 1906 1171 1958 sunt

208 2003 254 2064 ibi
279 2013 331 2064 tot
353 2005 621 2083 propagationes
644 2013 729 2084 quot
744 2021 912 2083 personae,
925 2013 1072 2083 excepta
1086 2021 1170 2074 una;

207 2120 343 2190 oportet
366 2112 456 2171 enim
480 2128 607 2191 ponere
630 2128 734 2172 unam
758 2130 836 2192 quae
872 2130 939 2173 non
974 2112 1020 2172 sit
1049 2128 1172 2191 propa·

209 2226 305 2298 gata;
331 2234 425 2298 erg0,
451 2252 491 2261 —-
517 2216 660 2277 Secunda
684 2220 794 2295 regula
818 2226 872 2279 est
895 2219 974 2279 ista:
1009 2216 1051 2278 In
1080 2218 1171 2278 linea

208 2326 416 2383 transversalr'
436 2334 678 2404 computantur
701 2325 829 2405 gradus
852 2324 1039 2386 secundum
1056 2326 1171 2406 magis

208 2439 375 2491 remotum
400 2451 420 2490 a
444 2432 570 2509 stipite,
596 2440 632 2493 ut
667 2439 762 2511 patet
783 2430 902 2491 Exire.
937 2430 989 2491 De
1021 2450 1168 2508 consang.

208 2544 238 2597 el
258 2538 346 2615 affin.
381 2538 438 2596 Vir
460 2540 517 2615 qui
537 2558 557 2597 a
581 2539 702 2615 stipite·
725 2547 759 2598 et
782 2538 869 2597 ratio
892 2546 955 2608 est,
986 2537 1069 2617 quia
1098 2554 1172 2617 per·

209 2662 305 2705 sonae
328 2663 406 2723 quae
432 2654 511 2705 sunt
535 2646 569 2704 in
594 2644 685 2705 linea
708 2663 776 2705 non
800 2643 1028 2705 habentinter
1042 2663 1082 2705 se
1096 2664 1172 2725 pro-

208 2752 445 2831 pinquitatem,
471 2752 536 2811 nisi
560 2760 700 2830 propter
730 2751 893 2829 stipitem,
925 2760 960 2812 et
992 2751 1070 2811 ideo
1102 2769 1170 2811 non

209 2868 354 2937 possunt
377 2858 604 2937 propinquius
628 2858 693 2918 sibi
710 2858 872 2938 conjungi
890 2874 992 2938 quam
1008 2856 1173 2919 remotior

208 2982 326 3024 eorum
351 2964 579 3044 conjungatur
603 2965 721 3043 stipiti.
748 2998 788 3007 -
833 2965 938 3023 Tertia
971 2965 1084 3041 regula
1117 2972 1171 3024 est

209 3070 302 3150 quod
333 3068 501 3131 efficacior
534 3080 586 3130 est
621 3070 751 3151 gradus
785 3072 820 3130 in
853 3070 945 3132 linea
973 3070 1173 3130 descendente

209 3194 311 3257 quarn
337 3176 567 3238 transversali.
593 3176 701 3237 Ratio
725 3186 777 3237 est
800 3178 881 3256 quia
904 3176 1172 3257 plusconjungi·

209 3294 265 3344 tur
289 3283 402 3363 proles
436 3284 567 3363 parenti
603 3302 705 3363 quam
740 3300 864 3363 parens
897 3283 996 3363 proli,
1028 3292 1062 3344 et
1093 3283 1172 3344 ideo

209 3392 323 3471 magis
346 3400 398 3451 est
421 3402 539 3451 contra
563 3390 676 3471 legem
700 3400 832 3451 naturae
856 3392 891 3451 in
915 3392 1025 3469 primo
1059 3390 1170 3471 gradu

209 3496 373 3577 conjungi
413 3498 446 3557 in
481 3496 572 3558 linea
606 3508 699 3558 recta
733 3514 834 3576 quam
869 3498 904 3558 in
939 3495 1030 3558 linea
1063 3506 1174 3557 trans·

209 3604 344 3663 versali.
