2600 4200
238 207 298 266 332
472 187 546 248 Lm.
572 186 624 248 IV
648 185 958 249 Snx‘raurianuir

212 363 444 426 definitionem
469 364 671 445 aliquorum,
689 375 743 425 est
759 366 865 426 maris
880 374 915 426 et
931 362 1088 426 ioeminae
1105 385 1188 425 con·

187 472 341 552 'junctio
372 471 550 532 individua
584 473 667 533 vitae
702 471 985 532 consuetudinem
1010 472 1184 540 retinens;

212 578 273 639 sed
296 577 361 639 hoc
384 587 437 638 est
461 579 549 638 inter
573 576 742 649 infideles3
767 597 862 659 ergo.
887 613 929 620 —
954 577 1118 637 Proetcrea
1133 579 1187 638 in-

211 684 328 746 fideles
353 685 504 745 haeretici
529 684 658 746 habent
673 701 755 745 vera
770 693 982 745 sacramenta
998 683 1183 750 Ecclesiae.

211 801 246 852 et
268 793 427 871 quamvis
452 810 518 852 non
543 790 692 852 habeant
713 789 825 859 fidem,
839 790 966 852 habent
977 799 1093 851 tamen
1108 809 1186 852 ver-

209 899 330 959 borum
348 896 505 968 formam;
530 915 614 978 ergo
639 899 667 959 si
693 898 947 958 matrimonium
963 897 1184 959 contrahitur

211 1003 303 1085 apud
333 1002 450 1065 fideles
473 1022 534 1084 per
558 1004 664 1064 verba
696 1004 925 1083 exprimentia
958 1022 1181 1073 consensum.

211 1122 245 1172 et
268 1111 347 1172 talis
364 1109 473 1171 forma
488 1119 540 1171 est
557 1110 648 1189 apud
661 1109 828 1182 infideles;
846 1128 931 1191 ergo
947 1111 1050 1170 etiam
1061 1111 1184 1171 matri-

211 1219 363 1278 monium
387 1226 440 1278 est
463 1217 554 1296 apud
577 1215 742 1279 infidele&

300 1323 356 1382 Ad
375 1329 562 1401 argumenta
586 1330 700 1383 autem
723 1322 864 1383 alterius
887 1323 955 1383 viae
983 1323 1179 1401 respondeo

210 1438 245 1490 et
268 1428 344 1490 dico
368 1428 458 1508 quod
478 1431 619 1506 primum
652 1447 720 1489 non
756 1427 938 1496 concludit,
973 1429 1055 1507 quia
1088 1426 1177 1490 fides

210 1544 245 1597 et
267 1533 413 1596 fidelitas
437 1535 566 1595 servari
590 1544 704 1614 potest
727 1535 802 1596 sine
824 1532 891 1596 fide
922 1553 991 1614 qua
1023 1535 1179 1595 creditur

210 1642 245 1702 in
269 1640 393 1710 Deum,
418 1649 452 1701 et
476 1642 575 1702 istam
600 1650 739 1701 servant
763 1638 918 1701 infideles
940 1637 1111 1706 fidelibus,
1140 1651 1176 1702 et

210 1765 428 1817 econverso
454 1749 489 1807 in
513 1747 754 1815 contractibus,
778 1756 818 1807 ut
841 1755 935 1826 patet
958 1765 1021 1826 per
1032 1746 1176 1828 Augus-

209 1855 319 1915 tinum
343 1857 377 1912 in
401 1854 501 1931 Epist.
525 1853 570 1912 ad
591 1853 793 1912 Publicolam.
819 1852 892 1914 Nec
915 1854 1085 1934 sequitur:
1102 1852 1174 1914 rion

210 1971 367 2021 servatur
389 1959 473 2021 fides
497 1959 582 2028 Deo,
607 1977 692 2040 ergo
716 1979 784 2021 non
807 1959 884 2020 vult
897 1977 1036 2021 servare
1059 1957 1172 2029 fidem,

210 2068 298 2129 idest
321 2065 519 2128 fidelitatem
543 2083 619 2127 cum
644 2049 818 2146 proximo}
843 2075 916 2127 tum
939 2068 1023 2147 quia
1038 2086 1106 2130 non
1124 2087 1174 2129 so

210 2176 342 2255 quitur:
367 2192 435 2235 non
459 2174 535 2234 vult
559 2171 753 2253 perfectius,
778 2190 863 2255 ergo
886 2192 950 2233 nec
973 2175 1174 2255 minusper·

209 2279 344 2351 iectum;
370 2289 442 2341 tum
466 2282 548 2360 quia
571 2298 638 2341 non
664 2290 778 2360 potest
801 2298 863 2360 per
885 2280 1052 2341 rationem
1077 2291 1173 2342 natu·

209 2387 314 2448 ralem
340 2387 509 2467 attingere
534 2387 577 2447 ad
610 2387 864 2447 observantiam
898 2384 978 2446 fidei
1013 2398 1171 2467 respectu

209 2492 274 2555 Dei
300 2494 388 2554 sicut
412 2492 455 2553 ad
478 2493 731 2554 observantiam
743 2491 822 2553 fidei
835 2502 993 2572 respectu
1008 2495 1169 2573 proximi.

210 2636 251 2644 -
276 2597 443 2661 Similiter
464 2601 631 2659 secundum
648 2618 716 2660 non
733 2600 834 2668 valet,
847 2601 929 2679 quia
941 2599 1016 2660 vult
1024 2600 1172 2662 educare

208 2706 337 2786 prolem
363 2717 528 2786 quantum
553 2714 667 2786 potest
689 2725 750 2786 per
776 2707 943 2767 rationem
978 2708 1171 2768 naturalem

208 2832 310 2874 nosse
334 2814 446 2892 ipsam'
468 2813 693 2883 educandam
719 2812 808 2873 unde
825 2814 953 2874 existo
965 2824 1171 2894 argumento

209 2938 277 2981 non
301 2919 379 2999 plus
403 2920 547 2980 habetur
570 2920 634 2979 nisi
660 2919 752 2999 quod
776 2936 844 2979 non
874 2929 928 2981 est
961 2919 1170 2999 completum

207 3027 335 3087 bonum
359 3026 476 3107 prolis,
502 3026 631 3087 scilicet
655 3026 747 3105 quod
773 3026 936 3087 educetur
964 3026 1009 3087 ad
1039 3026 1170 3088 cultum

208 3134 373 3195 divinum.
399 3132 472 3194 Nec
496 3135 628 3203 mirum,
657 3134 738 3212 quia
770 3132 933 3194 educator
965 3152 1036 3193 non
1070 3136 1170 3195 novit

209 3241 320 3320 ipsum
346 3242 394 3300 sic
417 3237 490 3301 fore
514 3240 736 3300 educandum.
762 3274 804 3283 -
840 3236 1007 3299 Similiter
1038 3241 1168 3299 mum

209 3366 276 3407 non
302 3346 402 3416 valet,
428 3347 508 3425 quia
531 3346 691 3407 omnibus
713 3343 945 3405 contractibus
959 3346 1170 3407 matrimonii

208 3454 481 3533 praecedentibus
505 3452 617 3534 legem
641 3452 878 3533 evangelicam
903 3468 970 3512 non
987 3448 1171 3512 fititadne-

209 3578 291 3619 xum
317 3569 565 3619 sacramentum
589 3560 726 3638 proprie
750 3559 888 3627 dictum,
913 3576 975 3618 nec
990 3555 1170 3618 iuitadne·
