2600 4200
226 224 289 281 334
463 202 538 263 Lm.
564 203 616 264 IV
642 202 949 266 Sauramuauu

201 382 295 462 quod
318 381 386 442 tale
409 383 663 443 matrimonium
687 393 801 462 potest
824 384 979 444 contrahi
1015 403 1063 444 ex
1093 385 1175 464 jure

201 489 329 550 divino.
361 489 392 550 Τ
388 491 477 555 irtio,
505 489 596 568 quod
620 508 688 549 non
712 498 826 569 potest
848 490 1003 551 contrahi
1029 491 1174 570 dejure

204 597 355 676 positivo
379 593 555 656 Ecclesiae.

292 701 351 762 Ad
375 702 581 762 evidentiam
599 707 718 778 primo
746 703 957 762 conclusionis
981 704 1057 765 dico
1074 705 1170 783 quod

202 808 297 870 aliud
321 818 374 869 est
397 809 650 869 matrimonium
675 827 751 869 esse
774 808 830 869 vel
854 811 1007 870 contrahi
1035 810 1171 890 simpli·

201 917 287 976 citer
311 925 344 975 et
368 915 533 984 absolute,
559 914 651 976 aliud
675 925 727 975 est
744 916 996 977 matrimonium
1008 917 1169 978 contrahi

202 1021 295 1083 licite
319 1031 353 1082 et
377 1021 528 1082 honeste.
565 1019 722 1101 Utroque
753 1033 866 1082 autem
890 1023 992 1083 modo
1024 1042 1170 1084 necesse

202 1138 256 1189 est
279 1128 391 1189 dicere
415 1129 503 1188 inter
525 1125 660 1188 fidelem
684 1139 719 1189 et
750 1127 920 1188 infidelem
951 1148 1054 1208 posse
1089 1149 1170 1190 esse

203 1235 468 1302 matrimonium,
493 1245 526 1294 et
543 1234 607 1295 hoc
631 1236 795 1314 probatur
811 1253 856 1296 ex
872 1235 932 1295 illo
945 1236 1035 1295 dicto
1053 1236 1171 1316 Apos-

204 1341 279 1402 toli:
304 1341 358 1401 vir
381 1339 491 1401 fidelis
526 1361 593 1401 non
630 1341 781 1403 dimittat
815 1360 956 1402 uxorem
992 1340 1166 1404 infidelem

202 1467 282 1528 quae
306 1449 476 1509 consentit
499 1467 575 1510 cum
607 1468 648 1508 eo
683 1448 851 1520 habitare;
886 1449 926 1508 si·
950 1459 1063 1509 autem
1096 1469 1167 1512 non

202 1563 294 1616 esset
316 1555 580 1624 matrimonium,
605 1564 687 1615 tunc
711 1554 904 1634 Apostolus
927 1555 1086 1616 suaderet
1101 1555 1169 1618 ior·

202 1662 422 1732 nicationem;
448 1662 477 1721 si
502 1669 614 1722 autem
641 1681 707 1722 non
733 1671 824 1722 esset
846 1661 977 1722 licitum
994 1671 1028 1722 et
1043 1662 1169 1724 hones·

202 1777 275 1828 tum
300 1767 493 1847 Apostolus
517 1786 584 1827 non
608 1767 811 1828 consuleret.

293 1875 435 1934 Secunda
463 1873 624 1933 Conclusio
647 1883 699 1933 est
723 1873 815 1953 quod
831 1874 1034 1953 praedictum
1050 1877 1168 1936 matri·

201 1982 355 2041 monium
380 1981 467 2041 inter
491 1979 624 2040 fidelem
649 1989 683 2041 et
695 1979 866 2041 infidelem
879 1989 993 2060 potest
1008 1983 1164 2043 contrahi

202 2097 368 2167 quantum
394 2097 446 2149 est
469 2106 513 2149 ex
534 2087 609 2167 jure
636 2087 765 2155 divino,
799 2089 882 2168 quia
915 2107 960 2149 ex
995 2088 1064 2149 isto
1095 2108 1164 2151 non

202 2196 315 2275 magis
340 2196 513 2256 invenitur
536 2195 627 2275 quod
651 2204 846 2257 contractus
869 2196 915 2256 sit
930 2195 1045 2257 nullus
1061 2216 1164 2276 quam

202 2301 294 2381 quod
318 2302 485 2383 obligatio
508 2321 552 2363 ex
576 2312 752 2363 contractu
776 2302 880 2381 priori
904 2303 949 2363 sit
961 2301 1066 2371 nulla,
1083 2304 1167 2382 quia

201 2428 270 2469 non
294 2410 407 2487 posito
432 2428 521 2468 novo
546 2407 789 2487 impedimento
812 2409 871 2487 qui
895 2417 1010 2488 potest
1025 2428 1102 2469 esse
1117 2409 1163 2470 al·

202 2515 309 2575 terius
332 2524 445 2594 potest
480 2534 516 2575 sc
551 2515 631 2575 dare
666 2514 778 2586 alteri;
815 2515 876 2576 sed
910 2534 955 2575 ex
986 2526 1164 2577 contractu

201 2622 306 2700 priori
346 2630 479 2700 poterat
517 2622 605 2681 inter
645 2640 704 2682 eos
746 2640 822 2681 esse
860 2640 942 2681 vera
980 2622 1163 2703 obligatio;

201 2747 296 2809 erge,
321 2738 383 2788 etc.

301 2835 404 2894 Tertio
433 2836 592 2895 Conclusio
616 2844 668 2894 est
703 2835 795 2914 quod
829 2835 871 2895 de
901 2834 978 2915 jure
1012 2836 1166 2914 positivo

201 2940 368 3002 Ecclesiae
394 2942 482 3002 inter
504 2940 637 3002 fidelem
663 2951 697 3002 et
720 2940 891 3002 infidelem
915 2960 984 3002 non
1011 2951 1064 3003 est
1087 2960 1164 3002 eon·

202 3048 406 3109 trahendum
430 3049 695 3118 matrimonium,
721 3050 802 3127 quia
835 3046 993 3109 Ecclesia
1025 3048 1165 3129 illegiti-

201 3156 310 3215 mavit
333 3153 465 3215 fidelem
491 3156 533 3215 ad
557 3155 825 3216 contrahendum
856 3173 933 3216 cum
954 3132 1094 3224 infideli}
1124 3163 1162 3215 ut

201 3269 296 3341 patet
319 3266 368 3321 28.
394 3283 422 3339 q.
447 3282 475 3322 1.
501 3259 559 3323 Sic
583 3262 674 3322 enim
691 3262 815 3322 dicitur
830 3261 951 3329 ibidem,
973 3261 1065 3340 quod
1082 3280 1162 3322 non-

203 3369 268 3428 nisi
293 3368 471 3449 religionis
495 3368 645 3449 ejusdem
669 3378 703 3429 et
725 3366 803 3429 fidei
828 3376 988 3429 maneant
1003 3368 1163 3447 copulata

202 3474 371 3555 conjugia.
397 3474 481 3535 Item
507 3475 618 3534 ibidem
641 3481 707 3551 cop.
737 3476 826 3541 Cave,
854 3484 893 3537 ut
916 3475 1051 3536 nonnisi
1080 3474 1165 3553 bap-

201 3582 306 3641 tizata
328 3592 482 3642 sumatur
505 3584 540 3642 in
563 3582 773 3661 conjugium,
798 3582 879 3661 quia
901 3580 1092 3661 baptismus
1107 3591 1163 3641 est
