2600 4200
162 438 403 498 characterem.
440 437 504 497 Sed
536 439 591 496 illa
626 438 830 513 congruentia
864 455 985 516 parum
1020 436 1123 504 valet,

163 545 245 624 quia
269 544 297 605 si
322 544 461 612 valeret,
486 552 567 604 tunc
592 542 769 622 quodlibet
790 551 1043 603 sacramentum
1066 542 1127 602 im-

163 651 326 730 primeret
348 650 576 710 characterem
602 649 694 729 quod
717 658 770 710 est
793 647 928 710 falsum.

253 754 335 817 Ideo
352 755 488 816 additur
504 758 595 816 tertia
611 758 814 833 congruentia
831 756 962 824 melior,
979 775 1056 835 quae
1072 763 1126 816 est

163 861 263 922 talis:
290 861 467 942 Receptus
491 863 526 922 in
549 860 715 946 familiam
728 859 866 930 Christi,
884 861 984 923 debet
1008 862 1127 922 distin·

163 971 224 1050 gui
250 989 270 1029 a
293 987 360 1030 non
385 979 522 1049 recepto
546 987 607 1049 per
630 967 770 1048 aliquod
794 969 1016 1029 intrinsecum
1042 968 1123 1038 sibi;

164 1075 225 1136 sed
250 1074 334 1137 illud
359 1077 579 1137 intrinsecum
604 1075 841 1136 distinctivum
876 1077 1015 1154 ponitur
1050 1073 1127 1135 cha·

164 1191 283 1243 racter.

255 1289 311 1348 Ad
322 1295 509 1366 argumenta
527 1288 754 1368 praecedentis
773 1289 956 1367 opinionis,
974 1286 1034 1347 illa
1057 1305 1125 1348 non

164 1393 382 1456 concludunt.
409 1394 465 1453 Ad
470 1395 614 1470 primum
632 1395 709 1455 dico
725 1394 817 1474 quod
834 1393 902 1454 alia
913 1401 1128 1454 sacramenta

165 1521 233 1562 non
250 1501 419 1581 recipiunt
435 1497 579 1561 formam
596 1500 809 1580 spiritualem
826 1501 876 1560 eis
892 1500 1125 1570 inhaerentem,

165 1609 247 1687 quia
271 1625 338 1667 non
363 1616 443 1668 sunt
466 1608 605 1686 capacia
628 1607 708 1667 talis
742 1605 883 1678 formae;
908 1605 1011 1667 homo
1034 1607 1126 1666 enim

165 1724 219 1775 est
241 1731 351 1793 capax
376 1721 445 1774 tam
470 1714 591 1794 gratiae
615 1731 717 1793 quam
734 1713 971 1793 dispositionis
992 1711 1034 1772 ad
1051 1731 1128 1793 gra·

165 1821 258 1888 tiam,
283 1839 360 1900 quae
384 1819 564 1899 dispositio
588 1820 713 1880 dicitur
740 1819 924 1880 character.

256 1927 311 1986 Ad
330 1927 506 1994 secundum,
535 1945 699 1986 concessa
723 1928 850 2003 majore,
891 1935 1038 2006 negetur
1071 1928 1129 1984 mi-

166 2054 232 2093 nor.
260 2033 355 2094 Licet
378 2035 468 2094 enim
501 2032 597 2094 Deus
620 2032 663 2093 de
686 2034 840 2113 potentia
874 2052 937 2094 sua
971 2032 1129 2094 absoluta

166 2151 284 2221 posset
307 2159 421 2201 creare
445 2142 591 2221 gratiam
617 2142 651 2201 in
677 2142 800 2210 anima,
825 2160 903 2220 quae
929 2141 1042 2221 gratia
1075 2148 1129 2201 est

166 2246 367 2327 principalis
390 2244 531 2307 effectus
556 2246 747 2326 Baptismi;
772 2256 806 2308 et
830 2249 933 2307 etiam
963 2247 1050 2308 alios
1083 2245 1130 2307 ef·

167 2351 277 2414 fectus
300 2355 358 2433 qui
387 2363 467 2414 sunt
501 2354 701 2423 assimilare,
727 2354 941 2434 distinguere
964 2364 1027 2414 etc.
1053 2354 1129 2413 sine

166 2460 227 2520 illa
250 2457 359 2520 forma
382 2479 459 2539 quae
481 2460 606 2520 dicitur
637 2459 822 2529 character,
846 2469 960 2522 tamen
995 2459 1037 2520 de
1071 2478 1130 2539 po-

166 2565 275 2627 tentia
298 2566 462 2635 ordinata,
487 2566 612 2628 dicitur
635 2566 728 2646 quod
750 2576 869 2627 causat
893 2567 971 2627 illos
987 2564 1129 2627 effectus

167 2672 338 2733 mediante
362 2672 421 2732 tali
439 2670 557 2743 forma,
576 2684 716 2753 propter
732 2674 876 2753 primam
893 2683 927 2734 et
943 2672 1127 2733 secundam

166 2780 426 2859 congruentiam
452 2781 609 2859 superius
633 2782 837 2860 assignatas

258 2886 314 2944 Ad
334 2888 455 2945 ternum
481 2885 557 2947 dico
581 2888 674 2967 quod
705 2889 739 2946 in
775 2886 956 2966 Baptismo
991 2904 1130 2945 concur·

167 3000 248 3053 runt
271 2992 339 3052 duo
363 2991 462 3061 dona,
488 2992 618 3053 scilicet
640 2994 855 3070 despositivum
868 2993 960 3073 quod
984 3002 1037 3052 est
1059 2992 1130 3051 clia·

169 3106 271 3157 racler
293 3108 327 3159 et
345 3098 552 3175 perfictzhum
577 3099 670 3179 quod
694 3108 746 3159 est
765 3102 884 3176 gratia.
903 3097 1050 3179 Quando
1067 3100 1130 3179 igi-

168 3213 224 3266 tur
240 3205 384 3266 dicitur:
409 3204 505 3266 Deus
521 3224 589 3267 non
606 3206 664 3266 dat
681 3206 808 3266 donum
825 3224 925 3266 suum
950 3203 1130 3266 actualiter

168 3313 323 3391 peccanti
348 3312 546 3381 mortaliter,
574 3312 724 3372 concedo
759 3312 801 3372 de
835 3311 925 3372 dono
944 3312 1125 3389 persectzho,

168 3416 229 3477 sed
254 3436 345 3499 nego
369 3418 411 3478 de
434 3418 524 3478 dono
548 3419 734 3495 dispositive,
763 3427 797 3479 et
814 3417 878 3478 hoc
895 3418 951 3479 vel
967 3420 1128 3498 quianon

168 3523 244 3585 vult
269 3535 518 3585 sacramentum
544 3544 643 3585 suum
668 3544 743 3585 esse
761 3544 898 3592 vanum.
916 3526 971 3585 vel
989 3533 1130 3604 propter

168 3630 254 3691 alias
278 3650 399 3693 causas
423 3633 581 3711 superius
605 3631 810 3711 assignatas
