2600 4200
227 233 268 290 94
450 213 524 274 Lm.
551 213 602 275 IV
628 211 935 276 Sanrsnrmnun

205 393 253 452 tia
278 393 484 474 assignatur,
509 393 590 472 quia
614 392 706 453 istud
730 389 989 455 Sacramentum
1002 395 1170 475 imprimit

204 495 363 560 effectum
387 498 613 569 indelebilem,
639 499 771 561 scilicet
793 500 1032 563 characterem.

293 693 358 756 Do
383 694 506 758 tertio
529 692 734 771 Anticum,
759 696 889 756 scilicet
912 696 955 758 de
978 715 1083 777 poena
1109 699 1170 758 ite-

205 801 324 870 rantis,
349 801 467 862 dicunt
489 802 678 862 canonistae
708 801 801 881 quod
835 812 915 863 sunt
950 803 1167 884 irregulares

205 917 240 969 et
264 909 411 988 probant
434 927 494 988 per
518 906 630 968 locum
656 927 677 968 a
701 908 815 978 simili,
832 909 971 989 quiade
988 909 1168 990 Baptismo

206 1025 241 1076 et
264 1013 529 1077 Confirmatione
553 1024 605 1076 est
629 1014 758 1085 simile;
791 1009 851 1076 sed
876 1017 1003 1077 iterans
1034 1017 1170 1096 Baptis-

206 1140 299 1183 mum
325 1122 471 1182 scienter
487 1131 539 1182 est
551 1121 761 1202 irregularis,
779 1123 887 1203 igitur
902 1123 992 1184 idem
1001 1123 1167 1202 judicium

207 1229 272 1289 erit
296 1228 338 1288 de
362 1225 638 1289 Confirmationis
663 1229 851 1290 iteratione.

297 1332 366 1396 Sed
390 1333 489 1396 aliter
512 1334 636 1395 dicitur
659 1335 751 1414 quod
776 1335 871 1396 nulla
886 1354 991 1415 poena
1005 1337 1170 1396 canonica

207 1459 285 1522 quae
310 1459 378 1502 non
402 1451 455 1502 est
467 1439 595 1502 inflicta
611 1461 630 1501 a
646 1440 742 1521 Papa
757 1442 964 1503 concedente
975 1443 1042 1522 jus,
1060 1443 1170 1503 incur·

207 1549 294 1608 ritur
318 1548 393 1627 ipso
414 1547 499 1626 jure,
525 1566 586 1608 nec
611 1557 752 1627 propter
779 1557 982 1628 argumenta
998 1566 1171 1629 exponen·

208 1656 293 1715 tium
318 1672 476 1720 canones,
501 1655 575 1714 sive
599 1673 619 1714 a
635 1653 739 1714 simili
756 1655 830 1715 sive
847 1674 867 1714 a
878 1656 1048 1715 contrario
1064 1674 1168 1715 sensu

207 1761 288 1822 talis
311 1779 415 1841 poena
438 1761 538 1821 debet
562 1758 683 1841 infligi.
719 1759 805 1822 Cum
842 1762 948 1842 igitur
979 1780 1046 1821 non
1077 1762 1171 1823 inve·

210 1870 324 1929 niatur
347 1869 381 1927 in
402 1867 478 1947 jure
502 1868 666 1927 canonico
691 1886 856 1947 expressa
879 1887 984 1948 poena
1006 1867 1170 1948 irregula-

207 1975 319 2036 ritatis
343 1971 472 2034 inflicta
494 1992 556 2054 pro
589 1975 769 2034 iteratione
803 1972 1088 2043 Confirmationis‚
1121 1993 1172 2035 sc·

209 2082 325 2162 quitur
348 2080 440 2161 quod
464 2081 539 2161 ipso
570 2077 660 2141 lacto
695 2100 763 2142 non
795 2081 987 2149 incurritur,
1020 2081 1171 2143 maximo

209 2190 291 2267 quia
312 2207 427 2268 poenae
445 2197 524 2249 sunt
539 2188 796 2269 restringendae.
814 2187 860 2248 Et
876 2187 1094 2249 confirmatur
1109 2208 1172 2267 per

209 2294 396 2376 capitulum
422 2294 507 2356 illud
531 2295 582 2353 De
610 2295 749 2356 Consecr.
774 2296 803 2355 α’.
825 2314 857 2370 5.
887 2316 911 2355 c.
939 2296 1075 2363 Dictum,
1111 2296 1170 2356 ubi

211 2402 305 2463 nulla
328 2421 433 2482 poena
445 2399 611 2481 infligitur
623 2400 798 2481 Episcopo
810 2404 932 2462 iterum
945 2400 1169 2472 confirmanti,

211 2509 271 2569 sed
295 2528 357 2569 nec
381 2509 590 2588 suscipienti,
616 2510 681 2568 nisi
714 2509 805 2588 quod
841 2509 904 2569 soli
936 2508 1012 2569 Deo
1043 2510 1172 2569 serviat

211 2618 246 2677 in
270 2615 388 2676 habitu
412 2615 603 2676 monachali
627 2614 683 2675 vel
708 2614 865 2675 clericali.

301 2810 362 2870 Ao
408 2822 681 2870 ,anoununruu
721 2823 761 2869 m
800 2822 1055 2870 CONTRARIUM
1094 2809 1172 2870 dico

212 2917 304 2995 quod
327 2916 476 2985 morbus,
502 2927 539 2976 ut
562 2927 682 2976 contra
705 2918 816 2996 ipsum
841 2927 894 2977 est
905 2916 980 2977 haec
992 2916 1171 2985 medicina,

211 3043 280 3084 non
306 3024 455 3092 iteratur,
480 3023 560 3083 licet
584 3023 650 3083 alio
675 3024 777 3082 modo
800 3025 911 3102 possit
934 3024 1058 3084 iterari.

613 3284 773 3497 pff
