2600 4200
240 206 303 280 318
472 201 546 262 Lm.
572 199 623 260 IV
649 197 955 261 Snurnurmnnu

559 462 742 544 Qurusno
773 463 836 525 ΙΙΙ.

333 626 388 686 Ad
409 629 534 685 tertiam
562 626 772 700 Quoesu'ouem
794 626 839 683 sic
855 624 1067 701 proceditur:

307 791 455 855 Videtur
477 793 569 874 quod
586 790 768 853 adulterari
785 810 863 853 cum
879 792 1022 852 muliere
1039 793 1189 853 vivente

217 901 340 961 marito
364 919 431 960 non
460 871 623 979 impediit
657 900 913 960 matrimonium
947 916 1024 959 cum
1061 899 1186 960 eadem

217 1015 463 1088 postmortem
487 1006 599 1066 mariti
625 1007 689 1074 sui.
714 1005 796 1085 quia
819 1003 935 1064 David
967 1003 1187 1066 adulteratus

217 1123 270 1176 est
293 1131 370 1174 cum
396 1111 598 1181 Bethsabea‚
623 1120 792 1192 etpostca
805 1109 1073 1171 interfectoviro
1096 1111 1186 1191 ejus,

220 1219 393 1280 contraxit
416 1237 493 1280 cum
518 1237 558 1279 oa
581 1219 858 1288 matrimonium;
883 1235 977 1298 ergo

313 1326 437 1386 Contra.
462 1343 509 1401 13.
535 1330 758 1402 quaest.1cap.
782 1323 875 1384 Illud.

309 1432 372 1494 An
406 1443 644 1492 Evmuurmu
678 1443 795 1508 umus
827 1428 1073 1510 Qnusnorus
1096 1449 1186 1509 prae·

220 1541 319 1600 mitto
331 1539 424 1618 quod
435 1539 501 1599 tria
513 1547 592 1599 sunt
601 1539 754 1606 crimina,
764 1557 843 1618 quae
854 1538 952 1598 unita
959 1537 1015 1597 vel
1023 1547 1184 1616 separata

219 1645 380 1706 videntur
402 1643 513 1706 lacere
537 1641 771 1706 difficultatem
799 1646 890 1706 circa
924 1643 1180 1704 matrimonium
1293 1628 1294 1633 ἵ

219 1751 497 1820 contrahendum.
523 1752 611 1812 sicut
635 1751 811 1832 colligitur
840 1771 885 1810 ex
906 1749 1041 1809 dz‘uersu
1064 1753 1183 1827 capitu·

220 1861 260 1918 lis
284 1859 400 1918 Extra.
426 1859 477 1918 De
499 1878 533 1916 eo
556 1859 614 1936 qui
634 1858 732 1916 duxit
753 1859 787 1916 iu
810 1858 1057 1924 matrimonium,
1085 1877 1182 1934 quam

214 1966 333 2043 polluit
347 1971 409 2042 per
431 1965 630 2024 adulterium.
656 1961 746 2026 Sunt
769 1972 882 2024 autem
910 1964 987 2024 haec
1020 1964 1088 2024 tria
1120 1964 1183 2024 cri·

220 2073 323 2142 mina,
348 2071 478 2133 scilicet
501 2070 716 2140 adulterium,
741 2070 949 2133 machinatio
974 2071 1007 2131 in
1036 2080 1182 2133 mortem

221 2180 366 2261 legitimi
391 2178 559 2259 conjugis,
583 2176 662 2239 fidei
690 2179 783 2239 datio
818 2178 874 2239 vel
908 2187 1106 2239 contractus
1139 2179 1182 2239 de

221 2283 311 2347 facto
335 2303 412 2345 cum
436 2284 598 2346 adultera.
625 2284 692 2346 His
716 2286 907 2365 praemissis
933 2285 1011 2346 dico
1033 2295 1183 2364 quatuor

223 2411 285 2473 per
308 2392 461 2452 ordinem
485 2391 528 2452 ad
551 2389 799 2470 Quaestioncm.

312 2497 430 2564 Primo,
459 2497 551 2577 quod
573 2496 652 2559 fidei
678 2498 770 2559 datio
793 2516 914 2578 perse
938 2518 1007 2559 non
1039 2498 1183 2580 impedit

222 2605 475 2665 matrimonium
510 2604 778 2665 contrahendum
813 2614 893 2683 post
925 2613 1069 2665 mortem
1104 2605 1181 2665 viri.

223 2708 314 2771 Illud
337 2710 481 2770 habetur
504 2712 537 2768 iu
562 2710 687 2769 rubrica
705 2712 859 2788 pradicta
880 2731 905 2771 c.
931 2713 985 2770 ult.
1010 2712 1068 2773 ubi
1102 2711 1185 2771 dici-

223 2826 281 2877 tur
301 2815 394 2897 quod
417 2818 446 2877 si
471 2817 548 2897 quis
572 2836 680 2879 uxore
704 2818 844 2878 vivente
866 2814 934 2878 fide
958 2818 1037 2879 data
1060 2818 1184 2897 promi·

130 2932 131 2935 ’
224 2924 270 2985 sit
293 2942 330 2984 sc
354 2923 445 2984 illam
486 2924 676 2995 ducturum,
701 2924 758 2985 vel
796 2943 873 2984 cum
908 2925 983 3005 ipsa
1017 2924 1059 2985 de
1092 2922 1184 2985 facto

224 3030 407 3099 contraxit,
432 3031 461 3090 si
487 3029 572 3091 nihil
596 3028 689 3090 aliud
713 3030 945 3110 impedimenti
978 3028 1081 3092 fuerit
1113 3048 1182 3091 non

224 3144 278 3198 est
300 3136 553 3197 matrimonium
577 3136 815 3205 dirimendum,
839 3136 1019 3216 quodcum
1043 3156 1084 3197 ea
1105 3154 1185 3197 con·

225 3242 332 3303 traxit
354 3254 433 3322 post
457 3243 575 3304 uxoris
600 3243 741 3303 obitum.

315 3349 453 3410 Secundo
477 3348 553 3409 dico
577 3350 670 3430 quod
692 3347 770 3410 fidei
806 3350 898 3409 datio
933 3348 1184 3411 interveniente

225 3454 391 3517 adulterio
415 3455 558 3534 impedit
580 3456 834 3517 matrimonium
857 3454 1125 3517 contrahendum
1148 3464 1185 3517 et

225 3562 354 3623 dirimit
373 3562 444 3641 jam
468 3569 688 3624 contractum.
714 3562 812 3623 Istud
834 3561 1062 3623 habeturuid.
1079 3562 1184 3621 eodem
