2600 4200
378 234 567 296 orsi-incr.
593 235 666 296 XII
692 234 844 315 Qooasr.
870 236 884 296 Ι
1029 243 1049 296 ἰ
1058 254 1100 314 59

631 342 695 350 ..μ-υ»-

160 414 242 484 dini,
268 415 348 494 quia
372 423 430 475 aut
454 417 530 494 ipsa
553 423 605 474 est
628 414 747 475 eadem
772 414 931 484 albedini,
964 433 1025 474 seu
1056 415 1122 494 ipsi

160 521 384 604 inhaerentiae‚
409 531 443 581 et
467 523 516 582 sic
540 522 613 600 pari
639 522 775 603 ratione,
794 505 859 606 fuit'
894 522 1051 582 standum
1087 522 1123 581 in

160 629 284 707 prim0;
310 637 369 688 aut
393 646 460 688 non
484 635 537 689 est
560 611 689 698 eadem,
714 635 749 688 et
772 646 924 706 quaeram
941 628 983 688 de
1007 627 1068 688 illa
1082 629 1124 688 si·

159 742 217 794 cut
241 734 283 794 de
307 735 411 818 priori
437 735 470 795 in
496 732 676 796 infinitum.

250 840 390 900 Secundo
414 842 477 902 sic:
502 859 571 901 non
595 843 710 901 minus
733 840 904 920 dependet
926 840 1084 901 accidens
1104 861 1125 901 a

161 946 323 1026 subjecto
349 966 450 1027 quam
476 949 649 1028 quantitas
685 967 705 1006 a
735 945 857 1028 figura,
892 946 948 1008 vel
983 947 1074 1008 linea
1104 967 1125 1008 a

161 1062 283 1132 punto;
308 1053 369 1113 sed
389 1055 563 1134 quantitas
588 1073 656 1114 non
680 1064 794 1134 potest
818 1030 929 1134 separi
955 1074 980 1138 a
997 1052 1120 1136 figura,

161 1178 230 1240 nec,
248 1159 338 1220 linea
361 1179 382 1220 a
404 1163 559 1249 punctis¹
577 1161 659 1240 quia
682 1169 763 1221 tunc
787 1171 878 1221 esset
901 1158 1052 1222 infinita..
1125 1141 1129 1151 ’

259 1267 360 1325 Tertio
383 1268 446 1327 sic:
473 1286 540 1328 non
565 1267 680 1327 minus
706 1266 876 1346 dependet
909 1267 1083 1336 accidens.
1103 1288 1123 1327 a

160 1373 314 1452 subjecto
338 1392 409 1440 suo.
436 1393 538 1452 quam
563 1374 753 1452 subjectum
778 1394 798 1433 a
821 1394 885 1435 sua
894 1375 1034 1454 propria
1047 1393 1124 1454 pas-

160 1481 267 1557 sione,
292 1481 399 1566 immo
421 1482 564 1560 magis;,
587 1480 647 1540 sed
682 1480 872 1559 sabjeeturn
908 1499 975 1541 non
1010 1490 1125 1560 potest

161 1587 311 1665 separari
337 1607 356 1646 a
380 1606 442 1647 sua
466 1589 604 1667 propria
627 1588 801 1667 passione;
838 1606 923 1668 ergo
947 1607 1009 1648 nec
1040 1589 1125 1647 acci·

161 1694 245 1754 dens
270 1713 290 1753 a
313 1693 475 1774 subjecto
1098 1691 1102 1697 ’

254 1801 374 1874 Quarto
398 1801 461 1860 sic:
486 1799 658 1880 posterius
693 1819 760 1860 non
796 1809 910 1879 potest
944 1819 1019 1860 esse
1050 1802 1125 1860 sino

161 1908 264 1986 priori
291 1917 329 1966 ut
351 1907 477 1967 dicitur
506 1926 538 1982 5.
565 1907 703 1993 risetoph.
739 1914 805 1983 cop.
840 1908 877 1966 de
905 1909 1031 1984 priori:
1062 1907 1123 1967 sed

161 2013 318 2074 accidens
357 2023 408 2073 est
443 2013 672 2099 essentialiter
706 2013 878 2092 posterius
917 2012 1123 2084 substantia;

161 2138 255 2200 ergo.
282 2120 443 2200 Probatio
466 2122 608 2187 minorat,
639 2140 667 2197 7.
687 2119 855 2200 Metaph.:
872 2130 925 2181 est
941 2121 1034 2208 enirn
1049 2121 1126 2181 suo

162 2228 288 2287 stanti-a
311 2228 404 2305 prior
420 2245 624 2306 quocunque
637 2226 814 2295 accidente¹
824 2228 954 2313 notitia,
973 2238 1126 2316 tempore

162 2342 196 2393 et
219 2330 425 2393 definitione.
452 2404 454 2408 Α
985 2402 991 2415 .

251 2440 307 2498 Ad
327 2441 385 2497 islo
410 2440 609 2518 respondeo
639 2440 695 2498 Ad
709 2442 863 2516 primum,
892 2439 1051 2520 negando
1068 2420 1126 2498 'riai-

162 2566 278 2611 norem‚
308 2556 341 2605 et
365 2546 407 2606 ad
425 2546 639 2623 probationem
664 2565 740 2606 curn
766 2545 890 2607 dicitur
917 2546 1009 2625 quod
1041 2526 1126 2606 aeci·

141 2691 144 2697 -
162 2653 279 2714 dentia
302 2672 369 2712 non
395 2664 474 2713 sunt
499 2654 591 2713 entia
603 2654 668 2713 nisi
683 2654 716 2712 in
730 2672 770 2712 eo
787 2633 880 2732 quod
896 2654 1009 2714 taliter
1025 2654 1125 2738 entis,

162 2760 239 2821 dico
263 2761 354 2839 quod
378 2760 414 2841 ly
439 2780 472 2818 eo
495 2770 608 2839 potest
633 2758 748 2819 referri
775 2761 816 2820 ad
829 2779 966 2821 causam
983 2757 1128 2820 efficien-

162 2878 231 2927 tem
257 2868 330 2927 sive
354 2864 555 2936 effectivam,
581 2866 648 2947 vel¹
662 2866 704 2926 ad
728 2886 864 2927 causam
880 2865 1068 2931 formalem.
1087 2866 1125 2927 Si

163 2973 206 3033 ad
230 2992 366 3034 causam
391 2971 574 3057 effectivam,
603 2983 684 3034 tunc
701 2974 851 3034 concedo
867 2974 960 3053 quod
976 2974 1127 3033 acciden-

162 3082 212 3140 tia
236 3099 302 3141 non
328 3089 408 3140 sunt
432 3082 524 3140 entia
547 3081 611 3163 nisi
637 3078 793 3141 effective
818 3100 858 3141 eo
882 3081 974 3161 quod
1013 3081 1127 3140 taliter

163 3188 262 3254 entis,
288 3189 368 3266 quja
392 3188 547 3248 oriuntur
570 3166 613 3247 en
639 3188 817 3267 principiis
841 3188 994 3266 subjecti.
1012 3184 1128 3247 Sifor-

163 3294 308 3359 maliter,
323 3294 358 3375 ly
382 3316 416 3353 eo
440 3292 617 3380 referendo
641 3293 684 3354 ad
700 3313 836 3356 causam
843 3294 1028 3371 formalem,
1050 3294 1127 3354 dico

164 3401 257 3480 quod
280 3401 364 3461 illud
391 3420 464 3487 non
482 3410 534 3461 est
560 3420 687 3462 verum.
714 3400 773 3461 Ad
790 3402 1004 3478 probationem
1028 3402 1126 3459 aliam

164 3508 241 3568 dico
265 3509 356 3587 quod
381 3508 584 3569 inhaerentia
608 3508 753 3569 inhaeret
777 3508 940 3577 albedini;
981 3517 1014 3568 et
1049 3526 1125 3568 curn

165 3618 293 3695 quaeris
316 3616 358 3677 de
383 3614 442 3675 illa
466 3616 674 3681 inhaerentia,
701 3618 781 3695 quia
805 3615 1009 3676 inhaerentia
1025 3614 1128 3674 inha»
