2600 4200
134 275 145 294 .
228 237 269 308 4o
452 231 527 292 Lm.
554 229 605 292 IV
630 229 937 293 semmurum

300 410 425 470 Contra.
447 409 543 489 Joan.
571 427 615 488 3.:
649 411 714 471 nisi
743 410 821 490 quis
844 419 982 471 renatus
1005 406 1109 470 fuerit
1124 429 1170 471 ex

207 537 296 596 aqua
321 525 356 578 et
379 513 511 597 Spiritu
535 513 673 578 Sancto.

296 621 499 684 An1sm1
523 633 780 698 Qumsmousm
815 621 891 683 dico
925 631 996 683 tres
1027 620 1171 684 Conclu-

207 730 332 790 siones.
358 729 472 790 Prima
496 738 548 790 est
564 727 658 808 quod
673 747 762 808 aqua
777 728 943 789 naturalis
959 737 1012 790 est
1028 731 1172 790 materia

208 835 388 916 Baptismi.
413 833 556 896 Secundo
580 831 774 904 Conclusio,
798 834 889 914 quod
913 834 988 895 sola
1010 853 1101 915 aqua
1116 854 1175 896 na·

206 941 329 1003 turalis
352 951 405 1003 est
439 941 583 1002 materia
616 937 788 1001 sufficiens
821 959 882 1019 per
916 959 953 1002 se
988 940 1169 1022 Baptismi.

217 1049 331 1116 Tertzo,
360 1047 451 1129 quod
475 1065 573 1128 aquae
597 1044 791 1108 artificiales
814 1065 881 1108 non
917 1055 998 1108 sunt
1028 1049 1172 1108 materia

209 1155 388 1235 Baptismi.

297 1261 410 1321 Prima
439 1261 599 1322 Conclusio
629 1269 725 1342 patet
758 1259 839 1339 quia
872 1259 930 1320 ille
964 1260 1089 1321 humor
1117 1271 1171 1322 est

208 1368 350 1429 materia
374 1367 542 1446 Baptismi
567 1369 602 1428 in
635 1385 704 1446 quo
738 1365 897 1429 Christus
930 1367 1170 1428 determinavit

210 1475 411 1554 Baptismus
434 1471 522 1545 fieri;
548 1473 608 1534 sed
631 1473 688 1534 hic
711 1482 764 1534 est
787 1491 886 1552 aqua,
911 1483 949 1534 ut
972 1483 1067 1553 patet
1074 1474 1169 1551 Joan.

204 1601 236 1658 3.
262 1590 296 1641 et
320 1579 432 1641 rilattlt.
454 1599 508 1656 3.,·
531 1599 625 1662 ergo,
650 1589 713 1641 etc.
738 1577 853 1660 Quare
876 1589 988 1641 autem
1013 1578 1172 1642 Christus

209 1690 259 1749 sic
283 1686 441 1756 instituit,
466 1697 504 1748 ut
528 1688 563 1748 in
595 1705 684 1767 aqua
717 1684 814 1747 fieret
847 1683 1059 1767 Baptismus,
1090 1688 1172 1748 assi·

209 1803 336 1874 gnatur
359 1793 438 1854 talis
462 1795 701 1875 congruentia:
726 1811 916 1874 congruum
951 1801 1004 1854 est
1038 1792 1173 1873 Baptis-

209 1919 302 1961 mum
325 1898 398 1962 fieri
423 1901 458 1961 in
482 1899 542 1960 illo
565 1900 708 1961 humore
723 1901 781 1980 qui
799 1909 851 1961 est
862 1898 1022 1977 frigidm,
1030 1899 1167 1978 fluidm,

209 2007 331 2067 lucidus
354 2017 388 2067 et
410 2008 581 2066 communis
604 2007 777 2078 omnibus;
802 2006 863 2067 sed
886 2025 975 2086 aqua
989 2015 1042 2067 est
1058 2007 1174 2086 hujus·

211 2114 303 2175 modi
327 2114 463 2186 humor;
489 2132 573 2194 ergo
585 2132 776 2195 congruum
788 2111 854 2174 fuit
865 2112 1081 2193 Baptismum
1098 2112 1170 2175 fieri

210 2224 245 2283 in
271 2240 368 2301 aqua.
394 2220 506 2280 illinor
528 2228 581 2281 est
604 2221 755 2281 evidens.
780 2220 890 2297 Major
903 2220 1095 2282 declaratur
1106 2222 1171 2281 sic:

210 2347 287 2389 cum
312 2328 402 2389 enim
429 2326 628 2408 Baptismus
652 2328 698 2387 sit
721 2327 764 2387 ad
788 2327 1039 2406 reprimendum
1062 2325 1173 2388 fervo-

210 2454 281 2496 rem
305 2436 563 2511 concnpiscentiae,
592 2432 635 2493 ad
658 2430 862 2494 flectendum
892 2434 1042 2514 rigorem
1074 2435 1174 2493 inobe-

209 2543 342 2609 dz'entioe,
381 2541 424 2601 ad
458 2539 697 2602 illustrandum
733 2541 839 2600 aciem
877 2540 1099 2618 intelligentia,
1137 2550 1173 2601 et

209 2648 326 2724 obligat
346 2667 451 2707 omnes
474 2657 541 2708 tam
566 2646 693 2707 divites
723 2664 825 2726 quam
858 2664 1036 2725 pauperes,
1071 2646 1173 2707 debet

210 2751 282 2814 fieri
309 2755 343 2815 in
368 2751 427 2814 illo
451 2754 592 2815 humore
627 2754 685 2833 qui
722 2761 773 2814 est
797 2751 957 2829 frigidus,
996 2752 1039 2813 ad
1069 2754 1175 2832 repri-

212 2860 372 2921 mendum
398 2858 566 2921 fervorem
589 2861 855 2936 concupzscentim
867 2858 926 2939 qui
942 2867 995 2919 est
1011 2860 1168 2927 humulus,

214 2967 256 3027 ad
279 2965 483 3029 flectendum
519 2969 667 3048 rigorem
692 2965 921 3033 inobedientia·
944 2967 1003 3044 qui
1027 2974 1079 3027 est
1099 2972 1175 3043 per·

212 3077 337 3150 spicum
374 3074 415 3134 ad
451 3072 690 3135 illustrandum
725 3072 831 3133 aciem
867 3073 1100 3149 intelligentia:
1137 3081 1173 3133 et

212 3182 271 3259 qui
296 3190 348 3240 est
371 3182 542 3240 communis
568 3179 727 3239 omnibus
757 3179 923 3239 divitibus
954 3187 988 3238 et
1018 3181 1175 3258 pauperi·

210 3288 285 3355 bus,
311 3306 353 3347 ne
376 3288 454 3367 quis
481 3304 518 3346 se
554 3295 734 3347 excusaret
767 3294 907 3366 propter
941 3285 1173 3347 assistentiam

211 3395 332 3470 z'nopice.
781 3373 783 3379 ¹

303 3499 444 3559 Secunda
473 3500 633 3559 Conclusio
657 3498 833 3577 probatur:
869 3496 954 3559 illud
977 3497 1089 3559 solum
1120 3508 1175 3559 est

213 3602 383 3666 sufficiens
407 3608 549 3666 materia
571 3605 744 3685 baptismi,
769 3594 899 3685 inquo,
916 3605 1177 3684 circumscripto
