2600 4200
394 177 582 239 D1s'r1nc'r.
609 177 645 238 X
670 176 822 257 QnAEsr.
846 177 882 239 II
1042 199 1100 257 129

162 356 316 436 dicentes
340 357 419 415 idem
444 375 520 416 esse
543 366 577 416 et
601 357 767 418 secundum
804 358 883 416 idem
917 357 1123 436 principium

163 462 290 543 agendi
315 461 370 522 vel
395 463 557 542 patiendi,
593 461 724 524 scilicet
758 462 895 543 quando
930 463 1126 524 intellectus

163 568 328 650 intelligit
351 578 385 629 et
409 569 570 630 voluntas
592 569 677 630 vult.
703 607 745 614 —
770 567 889 630 Potest
923 571 1025 631 ctiam
1057 570 1123 631 dici

162 676 255 756 quod
279 694 347 736 non
369 685 424 752 est
447 675 693 737 inconveniens
716 677 805 737 idem
829 695 954 756 corpus
980 695 1056 737 esse
1072 694 1126 736 su-

161 784 278 862 perius
302 793 336 843 et
360 780 512 852 inferius
530 783 558 843 si
572 783 674 844 habet
687 783 741 842 ubi
755 781 898 844 inferius
909 793 944 843 et
956 784 1124 862 superius,

162 898 200 950 ut
223 897 317 968 patet
341 908 385 949 ex
406 889 475 968 jam
501 889 611 956 dictis,

520 1133 704 1216 Quaestio
728 1135 772 1196 ll.

254 1279 309 1337 Ad
328 1279 494 1337 secundam
522 1278 731 1351 Quoestz'onem
754 1281 798 1337 sic
822 1280 1026 1356 proceditur:

252 1417 400 1479 Videtur
423 1419 515 1499 quod
539 1417 673 1500 Corpus
697 1418 824 1481 Christi
849 1420 951 1480 simul
975 1439 1043 1480 non
1067 1440 1126 1500 po·

160 1535 230 1587 test
253 1543 329 1587 esse
352 1527 387 1587 in
412 1526 501 1587 coelo
524 1537 559 1587 et
582 1527 616 1586 in
630 1525 857 1595 Eucharistia,
875 1529 956 1607 quia
971 1525 1125 1588 formalis

160 1635 250 1693 ratio
273 1633 408 1694 essendi
434 1635 467 1692 in
492 1632 568 1693 loco
592 1645 644 1694 est
668 1636 826 1711 quantitas
843 1633 1029 1694 secundum
1047 1632 1125 1694 Phi·

161 1739 344 1819 losophum
368 1758 398 1815 4.
425 1739 519 1816 Phys.
543 1759 568 1800 c.
593 1740 630 1798 de
663 1760 777 1808 vacum·
811 1740 872 1801 sed
907 1759 974 1801 non
999 1749 1125 1820 ,potest

161 1846 295 1925 aliquid,
316 1843 501 1926 plurificari
526 1847 590 1908 nisi
616 1844 808 1927 plurificata
823 1847 897 1926 ejus
914 1848 1044 1907 ratione
1060 1824 1125 1906 lorss

160 1951 258 2024 mali;
283 1971 368 2034 ergo
402 1971 479 2014 cum
515 1953 689 2032 quantitas
723 1951 884 2034 Corporis
919 1951 1046 2015 Christi
1078 1955 1124 2013 sit

161 2079 240 2129 una,
265 2077 333 2121 non
358 2068 471 2139 potest
496 2061 607 2139 ipsum
633 2079 708 2121 esse
733 2061 798 2121 nisi
823 2062 857 2121 in
881 2079 950 2121 uno
975 2059 1060 2121 loco,

255 2167 379 2226 Contra.
405 2165 539 2247 Corpus
563 2166 691 2229 Christi
715 2186 795 2227 vere
819 2177 871 2228 est
895 2169 930 2228 in
958 2166 1047 2227 coelo
1075 2186 1125 2228 se-

160 2273 310 2334 cundum
335 2272 420 2334 illud
433 2274 639 2355 Augustini:
658 2274 777 2335 Donec
792 2272 931 2335 finiatur
947 2275 1122 2345 saeculum‚

160 2374 297 2440 sursum
321 2389 373 2441 est
397 2379 577 2441 Dominus
603 2378 667 2441 Est
690 2382 792 2443 etiam
817 2398 898 2440 vere
922 2382 956 2440 in
993 2379 1125 2441 Eucha-

160 2486 267 2555 ristia‚
292 2496 330 2546 ut
354 2487 533 2565 probatum
559 2496 611 2547 est
636 2488 802 2566 superius.

250 2564 402 2655 IN¹JSTA
427 2605 663 2669 QUAESTIONE,
688 2591 872 2654 Conclusio
894 2604 987 2653 certa
1010 2602 1062 2653 est
1078 2584 1135 2655 ex'

159 2696 227 2759 fide
250 2699 343 2778 quod
367 2698 500 2780 Corpus
524 2698 650 2761 Christi
676 2701 786 2760 estin
811 2699 901 2759 coelo
925 2709 959 2760 et
984 2700 1016 2760 in
1043 2699 1125 2759 alta·

159 2805 203 2879 ri;
229 2804 289 2865 sed
312 2805 495 2867 diversitas
512 2816 563 2867 est
581 2808 613 2865 in
632 2806 733 2865 modo
750 2806 909 2885 ponendi.
922 2804 1024 2867 Unus
1041 2806 1124 2866 dicit

158 2912 252 2991 quod
276 2932 336 2992 per
360 2913 618 2974 conversionem
644 2912 785 2975 alterius
809 2914 843 2973 in
868 2914 991 2992 ipsum,
1009 2921 1123 2991 potest

159 3016 249 3079 idem
274 3037 398 3099 corpus
422 3038 498 3080 esse
522 3019 602 3079 alibi
620 3037 722 3098 quam
741 3019 774 3079 in
793 3018 868 3079 loco
884 3038 947 3080 suo
964 3019 1122 3087 naturali,

159 3127 242 3204 quia
264 3126 322 3186 ubi
346 3128 457 3205 primo
481 3144 696 3192 conversum,
722 3124 768 3186 ibi
793 3135 845 3186 est
862 3126 946 3186 illud
964 3127 998 3186 in
1030 3126 1123 3204 quod

158 3248 362 3293 conversum
388 3242 449 3299 est,
476 3250 543 3293 non
569 3230 722 3292 localiter
739 3233 799 3292 sed
816 3231 1122 3304 sacramentaliter;

158 3348 193 3399 et
216 3338 281 3399 hoc
306 3339 417 3407 modo,
443 3339 573 3400 scilicet
597 3338 897 3407 sacramentaliter,
922 3346 1123 3418 potestesse

91 3460 92 3465 ’
160 3446 195 3505 in
220 3446 368 3505 diversis
392 3446 477 3507 locis
502 3464 568 3506 non
594 3453 707 3506 autem
732 3444 895 3506 localiter.
914 3444 983 3504 Sed
1000 3446 1125 3523 impro-

157 3551 252 3612 batio
276 3550 378 3631 hujus
410 3552 582 3632 opinionis
614 3561 708 3630 patet
743 3570 787 3611 cx
822 3551 922 3611 dictis
954 3552 1121 3629 superius.
