2600 4200
313 218 502 281 D1srmcr.
530 219 703 281 XXXIX
728 217 917 298 QuAEsM
1020 241 1078 298 33¹

233 487 297 550 De
315 487 473 566 milite,
497 487 614 548 dicunt
637 486 742 568 aliqui
768 487 859 568 quod
882 507 960 548 non.
979 487 1099 555 Primo,

143 596 225 674 quia
249 613 316 655 non
341 602 455 673 potest
478 595 525 654 ibi
549 612 624 654 esse
656 595 783 654 bonum
817 591 896 654 fidei
931 613 976 654 ex
1011 604 1107 673 parte

144 701 219 780 ejus
231 701 289 781 qui
307 710 359 761 est
376 698 537 771 infidelis;
555 701 612 779 qui
630 701 721 762 enim
739 719 807 762 non
823 708 877 762 est
891 698 1003 763 fidelis
1019 699 1105 770 Deo,

143 827 212 868 non
236 817 290 869 est
312 805 424 868 fidelis
447 808 614 887 proximo

234 913 382 982 Secundo,
412 914 492 994 quia
514 933 559 974 ex
583 921 679 992 parte
703 914 776 995 ejus
800 933 868 975 non
891 923 945 974 est
978 914 1105 975 bonum

143 1020 261 1099 prolis
286 1021 367 1100 quia
390 1028 518 1099 quanto
543 1021 577 1080 in
603 1021 679 1100 ipso
702 1031 765 1090 est,
789 1021 949 1081 educaret
974 1020 1105 1100 prolem
1220 1042 1226 1054 ·

144 1129 179 1188 in
204 1128 271 1188 ritu
296 1146 368 1194 suo,
393 1135 427 1188 et
451 1128 499 1188 ita
522 1126 723 1208 irreligiose.

242 1235 352 1301 Tertio,
381 1235 462 1312 quia
485 1253 552 1295 non
577 1245 629 1294 est
655 1234 701 1294 ibi
732 1234 859 1295 bonum
891 1236 1105 1303 sacramenti,

143 1341 225 1421 quia
248 1339 395 1401 infidelis
419 1359 464 1401 ex
487 1359 556 1419 quo
580 1359 647 1402 non
680 1340 783 1401 habet
816 1342 963 1419 primum
999 1360 1107 1402 sacra·

142 1457 295 1510 mentum
321 1447 452 1509 scilicet
473 1447 693 1527 baptismum,
718 1466 786 1509 non
810 1456 864 1508 est
886 1466 996 1527 capax
1026 1447 1107 1510 alio-

143 1574 219 1615 rum
246 1564 544 1624 sacramentorum,
570 1563 608 1616 ut
631 1555 795 1634 probatur
809 1555 926 1616 Extra.
952 1556 1003 1615 De
1017 1562 1107 1632 pres-

139 1663 244 1739 bytero
267 1681 328 1720 non
351 1660 512 1738 baptizato.

236 1769 366 1842 Quario,
395 1775 448 1828 est
472 1767 630 1847 specialis
654 1765 835 1829 difficultas
851 1768 1107 1847 quomodoinfi·

143 1875 231 1936 delis
254 1874 365 1953 possit
388 1892 511 1953 corpus
535 1893 635 1935 suum
671 1875 751 1934 dare
785 1873 893 1944 alteri,
925 1893 1002 1937 cum
1034 1895 1102 1939 non
1163 1945 1165 1948 Α
1237 1857 1241 1864 ’

141 1979 223 2043 iacit
247 1981 311 2042 hoc
335 1982 485 2042 innitens
509 1981 745 2061 approbationi
770 1981 860 2061 legis
883 1982 1021 2043 divinae.

237 2089 362 2164 Quinto,
391 2089 472 2168 quia
496 2087 662 2175 specialis¹
678 2085 860 2149 difficultas
875 2097 929 2150 est
944 2108 1021 2150 cum
1037 2109 1107 2151 ma·

142 2196 340 2257 trimonium
365 2194 516 2256 includat
551 2194 897 2266 indissolubilitatem,
932 2197 1103 2275 quomodo

141 2300 290 2365 infidelis
314 2301 492 2362 contrahat
514 2303 778 2371 matrimonium,
803 2322 880 2363 cum
893 2311 1006 2363 tamen
1019 2302 1104 2364 illud

142 2410 188 2470 sit
212 2420 332 2488 postea
355 2407 564 2476 dissolubile,
588 2410 670 2488 quia
682 2409 710 2469 si
728 2408 813 2468 alter
829 2410 1014 2490 conjugum
1027 2427 1105 2470 con-

141 2516 287 2576 vertitur
310 2515 353 2593 ad
376 2512 477 2575 fidem
502 2515 576 2575 sine
600 2514 716 2584 altero,
741 2523 856 2594 potest
879 2515 1061 2577 discedere.

234 2622 299 2682 Sed
319 2622 369 2681 liis
392 2641 452 2680 non
476 2620 672 2690 obstantibus,
702 2621 882 2683 dicendum
907 2623 999 2704 quod
1015 2623 1105 2684 inter

143 2726 297 2790 infideles
321 2738 375 2788 est
397 2728 662 2798 matrimonium,
686 2730 767 2807 quia
791 2738 828 2790 ut
850 2731 899 2790 ait
910 2728 1104 2810 Apostolus

138 2854 167 2895 J.
192 2835 237 2894 ad
261 2835 330 2895 Cor.
355 2852 384 2913 7.
392 2858 403 2894 .·
429 2836 457 2895 si
483 2835 560 2913 quis
584 2832 688 2895 frater
711 2854 853 2895 uxorem
870 2835 972 2897 habet
988 2833 1105 2897 infide-

140 2941 217 3012 lem,
242 2950 277 3003 et
300 2941 375 3003 haec
398 2942 569 3002 consentit
592 2940 745 3002 habitare
769 2960 845 3002 cum
870 2942 939 3014 illo,
963 2962 1032 3003 non
1056 2943 1104 3003 di-

142 3049 258 3109 mittat
282 3047 388 3119 illam;
414 3048 474 3109 sed
498 3050 563 3108 ista
587 3066 656 3108 non
680 3046 745 3109 fuit
768 3068 857 3109 uxor
871 3059 1011 3129 propter
1026 3067 1104 3110 con-

140 3163 287 3216 tractum
311 3156 370 3234 qui
386 3152 451 3215 fuit
467 3162 546 3233 post
560 3153 672 3222 fidem,
690 3154 751 3215 sed
767 3163 854 3215 ante.
868 3192 910 3200 —
927 3156 1096 3223 Proeterea,

139 3262 395 3322 matrimonium
419 3270 473 3322 est
496 3261 665 3321 dictamen
688 3260 778 3341 legis
802 3271 934 3322 naturae
958 3261 1013 3322 vel
1045 3262 1103 3323 ali-

138 3368 222 3449 quid
246 3386 433 3429 consonum
458 3367 632 3429 dictamini
657 3366 747 3449 legis
771 3378 916 3440 naturae;
952 3369 1013 3429 sed
1043 3368 1101 3431 lex

139 3484 272 3535 naturae
296 3475 487 3535 communis
511 3483 564 3535 est
587 3474 678 3554 apud
703 3493 835 3547 omnes;
860 3494 945 3557 ergo
972 3485 1007 3535 et
1033 3495 1102 3536 ma·

141 3582 349 3642 trimonium.
375 3616 416 3625 —-
441 3580 609 3649 Proeterea,
631 3582 895 3651 matrimonium,
913 3582 1100 3643 secundum

993 3738 1020 3779 Ξ
