2600 4200
322 259 513 320 Drsnxc‘r.
539 259 587 320 Vl
613 257 761 338 Quasr.
786 259 800 320 1
1005 271 1042 337 55

118 479 162 521 seu
183 461 321 543 aliquam
347 462 528 536 entitatem,
553 464 629 544 quia
653 473 840 545 sequeretur
871 463 961 543 quod
985 473 1069 525 esset

120 566 269 646 perfectior
294 569 326 630 in
351 571 458 650 seipsa
481 591 581 652 quam
606 570 637 632 in
661 571 832 652 supposito
859 569 987 645 divino;
1011 571 1068 632 sed

121 685 216 736 natura
239 677 290 738 illa
314 678 361 738 sic
385 677 517 737 dimissa
542 677 640 738 habet
675 677 845 757 proprium
879 695 966 753 esse3
989 697 1069 757 ergo

120 779 243 844 similiter
266 784 413 844 existens
429 783 460 844 in
478 783 647 864 supposito
659 782 770 845 divino
783 783 882 845 habet
898 782 1068 864 proprium

120 907 182 950 esse.
205 889 267 952 Sed
293 889 375 950 illud
406 910 474 950 esse
505 909 571 950 non
602 899 650 951 est
681 911 750 950 esse
785 889 885 951 Verbi
921 889 1068 962 increati;

119 1013 183 1076 ergo
204 1006 250 1057 est
274 996 367 1057 aliud
390 1016 468 1058 esse.

173 1101 346 1174 Praetereo,
364 1103 476 1163 relatio
490 1102 714 1183 praesupponit
727 1100 977 1163 fundamentum
989 1121 996 1176 ;
1012 1101 1069 1162 sed

121 1205 168 1268 ista
190 1208 263 1271 unio
300 1219 351 1270 est
385 1209 540 1290 quaedam
577 1209 706 1283 relatio;
730 1229 810 1290 ergo
845 1206 1071 1290 praesupponit

120 1311 369 1378 fundamentum.
395 1316 460 1378 Sed
485 1315 563 1378 illud
598 1314 850 1377 fundamentum
882 1325 931 1375 est
954 1325 1071 1376 natura

120 1419 264 1494 humana;
289 1444 371 1504 ergo
396 1423 494 1484 habet
528 1422 698 1504 proprium
733 1442 802 1483 esse
837 1431 870 1483 et
901 1421 979 1483 illud
1003 1441 1071 1484 non

119 1537 243 1590 estesse
266 1530 370 1591 Verbi
395 1529 544 1606 increati;
568 1549 658 1610 ergo.

174 1633 264 1703 Dico
287 1653 381 1722 ergo
403 1631 458 1702 ad
473 1633 720 1720 quoestzbnem
733 1635 815 1696 duas
837 1635 1070 1697 conclusiones,

120 1739 223 1804 Primo
247 1743 414 1805 conclusio
437 1752 485 1804 est
509 1743 599 1824 quod
624 1741 656 1802 in
674 1740 803 1803 Christo
819 1751 985 1804 estonum
1003 1761 1071 1802 esse

120 1847 332 1911 subsistentiae.
359 1848 508 1911 Secrnrda
532 1848 622 1929 quod
646 1847 679 1910 in
716 1847 845 1910 Christo
877 1856 953 1909 sunt
977 1847 1072 1929 plura

120 1973 179 2015 esse
199 1956 391 2017 existentiae.

177 2062 293 2124 Priora
321 2060 489 2127 Conclusio
513 2063 670 2144 probatur
685 2061 752 2123 sic:
779 2060 854 2123 Una
870 2081 1009 2142 persona
1025 2061 1071 2121 di·

121 2168 157 2229 cit
178 2190 276 2231 unum
301 2190 370 2231 esse
393 2170 628 2242 subsistentiae;
662 2170 718 2230 sed
754 2168 901 2230 Christus
934 2177 982 2228 est
1005 2188 1072 2228 una

121 2294 256 2353 persona,
281 2277 356 2357 quia
380 2296 518 2357 persona
531 2275 640 2337 divina
664 2296 730 2337 non
754 2274 928 2355 assumpsit
953 2273 1071 2334 huma*

121 2400 187 2442 uam
210 2404 392 2463 personam,
416 2404 458 2443 ex
481 2381 655 2463 quastione
671 2380 877 2462 praecedenti.

180 2488 326 2551 Secunda
354 2486 522 2552 Conclusio
545 2488 703 2570 probatur
727 2508 783 2569 per
807 2488 946 2549 rationes
970 2484 1072 2547 saetas

121 2606 222 2657 contra
247 2596 386 2676 primam
411 2596 610 2676 opinionem,
635 2594 755 2656 scilicet
778 2595 868 2675 quod
893 2594 925 2655 in
943 2592 1073 2656 Christo

122 2712 188 2763 sunt
210 2704 316 2784 plures
340 2710 475 2772 naturae,
501 2702 609 2783 plures
644 2702 877 2782 generationes,
902 2710 934 2761 et
965 2700 1074 2780 plures

123 2807 201 2869 ivitae.
282 2796 286 2801 ¹

180 2916 237 2976 Ad
251 2916 398 2996 primum
414 2923 645 2997 argumentum
670 2914 832 2994 opinionis
856 2913 971 2994 primae
1000 2913 1074 2974 dico

121 3022 202 3099 quod
225 3023 305 3084 sicut
331 3031 445 3083 natura
481 3020 625 3083 humana
660 3020 801 3081 existens
837 3020 868 3082 in
904 3019 1074 3099 supposito

122 3127 244 3208 proprio
268 3150 332 3191 non
357 3128 455 3191 habet
478 3128 564 3189 aliud
588 3148 657 3188 esse
669 3128 894 3196 subsistentia,
918 3127 960 3186 ita
973 3126 1071 3186 etiam

121 3234 255 3295 existens
276 3236 306 3297 in
331 3235 501 3315 supposito
525 3234 635 3295 divino
660 3253 725 3294 non
761 3234 858 3293 liabet
892 3233 1074 3295 aliudesse

123 3340 325 3404 subsistentiae
337 3364 345 3418 ;
369 3342 436 3413 sed,
461 3340 523 3402 hoc
536 3360 600 3403 non
614 3339 774 3411 obstante,
793 3340 892 3400 habet
905 3340 993 3399 aliud
1006 3360 1074 3399 esse

124 3448 292 3509 existentia
316 3448 358 3510 ab
382 3468 451 3508 esse
474 3446 575 3507 Verbi
598 3446 740 3510 increati.

185 3554 416 3616 adalmode
438 3562 529 3634 parte
552 3562 583 3614 et
607 3553 648 3613 de
672 3562 752 3622 τοῖο,
789 3553 861 3614 dico
885 3552 974 3633 quod
1009 3571 1074 3612 non

126 3670 169 3721 est
190 3660 298 3733 simile,
320 3660 397 3742 qula
421 3658 510 3740 quod
534 3680 607 3739 pars
632 3680 698 3720 non
724 3658 841 3721 habeat
865 3659 1033 3719 aliudesse
1056 3677 1077 3717 a
