2600 4200
227 239 416 301 D1sr1ncr.
442 238 569 301 XVIII
594 254 640 301 er
659 240 752 303 XIX
774 240 925 321 Qurnsr.
948 241 964 303 Ι
1014 262 1074 321 223

136 415 248 479 facere
272 417 336 479 hoc
360 418 452 498 quod
476 418 632 480 Ecclesia
655 417 736 480 facit
760 421 794 480 in
820 422 962 480 materia
992 420 1101 481 deter-

137 527 267 586 minata
289 525 438 586 tenendo
460 522 604 587 formam
628 525 788 595 debitam,
806 544 886 618 vere
902 524 1048 595 conficit,
1066 535 1100 587 et

137 632 215 693 ideo
238 632 363 692 dicitur
385 642 539 711 potestas
561 634 764 713 propinqua.
790 630 859 697 Sed
875 642 1028 713 potestas
1045 633 1100 693 ab·

137 738 294 800 solvendi
326 758 395 800 non
429 740 492 810 sic;
528 758 597 799 non
631 740 722 801 enirn
759 741 874 801 statim
909 758 954 801 ex
970 736 1100 801 Ordine

136 845 240 906 habet
263 847 451 926 potentiam
475 848 649 925 passivam
674 846 739 907 sibi
763 846 1097 927 correspondentem‚

137 952 199 1013 sed
222 961 356 1031 oportet
380 952 445 1013 sibi
470 952 617 1031 aliquem
642 953 817 1014 subditum
842 953 922 1013 dare
947 954 981 1013 in
998 971 1098 1032 quem

138 1059 263 1119 habeat
281 1059 564 1139 jurisdictionem,
589 1060 671 1138 quia
694 1061 864 1120 sententia
888 1060 957 1120 lata
980 1079 1001 1119 a
1030 1078 1099 1119 non

138 1184 201 1226 suo
221 1165 336 1245 judice
360 1165 454 1226 nulla
476 1175 538 1226 est.
564 1162 622 1225 Sic
639 1184 723 1247 ergo
738 1166 869 1227 habens
885 1168 969 1227 istas
985 1166 1101 1227 claves

135 1290 207 1332 non
230 1281 345 1351 potest
367 1273 463 1333 exire
487 1273 658 1332 inactum
683 1290 811 1342 eorum,
836 1274 901 1334 nisi
919 1291 1023 1354 supra
1035 1290 1102 1333 ma-

138 1380 258 1438 teriam
283 1378 442 1439 debitam.

228 1538 291 1601 De
307 1537 457 1617 ‹lrtlrtto
469 1537 675 1615 Artlcttlo,
692 1540 822 1601 scilicet
834 1540 863 1599 si
875 1549 1001 1619 praeter
1016 1539 1101 1599 istas

138 1645 254 1705 claves
278 1656 330 1706 est
354 1645 421 1705 alia
443 1645 552 1707 clavis
575 1648 610 1708 in
634 1645 800 1715 Ecclesia,
825 1646 901 1706 dico
925 1646 1017 1725 quod
1041 1646 1101 1713 sic,

136 1733 221 1830 'quia
244 1753 278 1813 in
303 1750 460 1813 Ecclesia
482 1763 534 1813 est
558 1753 689 1833 duplex
713 1750 817 1821 forus,
843 1772 932 1813 unus
949 1754 1102 1813 secretis-

139 1860 248 1919 simus
271 1861 306 1919 in
330 1877 399 1939 quo
423 1860 511 1919 idem
537 1869 589 1920 est
613 1869 708 1920 actor
731 1868 765 1920 et
781 1878 869 1928 reue,
888 1870 922 1919 et
938 1859 982 1919 ad
998 1860 1098 1919 istam

139 1966 311 2045 pertinent
335 1965 450 2027 claves
473 1966 658 2045 praedictae.
685 1966 789 2027 Alius
812 1976 865 2027 est
895 1962 989 2027 forus
1020 1965 1103 2045 pub

140 2072 236 2142 licus,
261 2074 343 2153 quia
366 2070 522 2135 Ecclesia
544 2073 647 2136 habet
671 2074 907 2136 auctoritatem
931 2073 1103 2154 corrigen-

140 2180 173 2240 di
199 2191 339 2259 peccata
361 2181 508 2259 publica,
533 2183 638 2242 etita
662 2182 846 2261 requiritur
869 2180 998 2260 duplex
1026 2199 1101 2240 auc·

140 2288 262 2347 toritas
286 2288 556 2366 correspondens
579 2288 708 2368 duplici
736 2285 810 2348 foro
826 2287 1000 2366 praedicto.
1019 2285 1101 2347 Istae

141 2402 253 2454 autem
279 2395 499 2456 auctoritates
522 2397 732 2474 pertinentes
744 2395 786 2454 ad
799 2392 909 2454 forum
927 2393 1100 2472 publicum

141 2511 222 2561 sunt
245 2500 323 2562 duae
349 2501 465 2562 claves
498 2501 540 2561 de
575 2521 719 2581 quarum
755 2510 924 2580 potestate
958 2500 1102 2561 habetur

138 2587 254 2666 allaim.
280 2625 327 2683 7..·
353 2608 381 2668 si
406 2610 598 2687 peccaverit
622 2610 656 2668 in
681 2617 715 2668 te
738 2605 842 2668 frater
866 2617 955 2676 tuus,
991 2607 1101 2686 sequi-

141 2723 211 2773 tur:
236 2713 291 2773 dic
315 2711 494 2785 Ecclesiae;
520 2716 549 2774 si
573 2713 764 2775 Ecclesiam
789 2733 856 2774 non
882 2714 1036 2780 audierit,
1057 2714 1102 2772 sit

142 2820 204 2881 tibi
229 2820 324 2881 velut
348 2820 505 2881 ethnicus
529 2832 563 2881 et
596 2822 809 2900 publicanus.
851 2819 895 2881 Et
931 2821 1100 2900 sequitur:

142 2946 240 2988 amen
265 2927 341 2988 dico
365 2928 465 2988 vobis
480 2946 695 3006 quaecunque
712 2928 904 3008 ligaveritis
922 2946 1024 3006 super
1040 2935 1104 2986 ter-

141 3052 213 3094 ram
237 3043 337 3094 erunt
360 3033 469 3114 ligata
491 3044 525 3094 et
549 3035 584 3094 in
607 3034 706 3094 coelo,
745 3071 784 3078 -
821 3033 876 3094 Ex
912 3035 978 3094 isto
1009 3041 1104 3112 patet
1157 3027 1158 3032 ’

141 3141 233 3218 quod
258 3142 334 3201 istae
357 3140 473 3201 claves
497 3159 564 3201 non
589 3151 669 3201 sunt
681 3142 809 3201 eaedem
826 3159 903 3201 curn
921 3139 1102 3220 prioribus

142 3249 223 3326 quia
246 3256 391 3327 possunt
415 3248 457 3307 ab
481 3247 551 3308 illis
574 3249 735 3327 separari,
772 3249 860 3308 sicut
887 3248 1001 3308 statim
1035 3265 1101 3306 me-

142 3355 210 3415 lius
232 3355 363 3433 patebit
387 3356 420 3413 r'n
441 3373 474 3428 3.
502 3355 618 3427 Quoesl.

231 3513 294 3575 AD
316 3527 590 3574 ARGUMENTUII
607 3517 639 3571 r’n
656 3517 848 3573 contrarium
866 3514 995 3592 patebit
1011 3514 1103 3592 quod

141 3625 210 3683 ista
233 3623 417 3682 auctoritas
441 3640 509 3681 non
533 3621 634 3681 debet
658 3620 805 3702 intelligi
830 3621 871 3680 de
895 3619 982 3680 clavi
1008 3621 1105 3680 mini-
