2600 4200
277 257 463 319 Drsrmcr.
487 255 600 318 xxm
625 255 773 337 QuAEsr.
799 255 828 318 ΙΙ
989 267 1045 332 171

126 460 147 520 si
167 461 242 522 inter
263 461 453 524 christianos
466 469 646 524 moraretur
667 461 798 543 judaeus
821 461 879 524 iste
896 481 961 523 non
975 459 1075 522 habe-

127 575 167 628 ret
200 567 293 630 fidem
332 567 491 638 infusam,
525 577 558 630 et
597 577 707 631 tamen
746 569 891 630 crederet
922 567 1076 630 habendo

127 670 212 736 fidem
234 675 434 757 acquisitam,
448 674 530 737 sicut
554 676 685 757 ponitur
708 676 750 738 de
766 675 910 756 quodam
936 676 1074 756 parvulo

124 779 295 860 judaeorum
318 782 375 864 qui
399 781 456 844 ivit
479 783 521 844 ad
544 782 858 844 communicandum
893 781 970 842 cu‘m
994 775 1077 844 chri·

127 885 231 949 stianis.

182 994 260 1056 Item
272 1005 321 1057 est
333 995 421 1057 aliud
432 995 697 1078 experimentum
714 996 755 1058 de
769 995 922 1058 haeretico
934 993 990 1076 qui
1010 1015 1078 1057 cre-

128 1098 168 1160 dit
180 1122 278 1163 unum
301 1102 486 1175 articulum,
511 1102 596 1164 circa
618 1102 719 1164 alium
743 1111 837 1163 errat.
855 1102 918 1163 Iste
931 1103 962 1163 in
975 1122 1077 1182 quan·

128 1213 187 1270 tum
210 1208 380 1271 haereticus
393 1208 492 1271 habet
512 1208 611 1272 fidem
632 1209 824 1291 acquisitam
848 1217 1009 1289 quantum
1034 1208 1076 1270 ad

128 1314 283 1377 articulum
307 1337 406 1397 quem
431 1315 542 1390 credit,
566 1325 734 1379 ettamen
758 1335 823 1378 non
848 1314 946 1378 habet
976 1313 1076 1378 fidem

128 1417 263 1484 mmmm.

191 1635 411 1720 Quantum
446 1637 511 1702 ad
536 1637 772 1702 secundum
805 1633 1078 1718 princepale,

131 1741 235 1806 scilicet
256 1745 345 1825 quod
370 1753 500 1826 oportet
513 1763 633 1825 ponere
646 1742 745 1805 fidem
759 1740 909 1814 infusam,
921 1741 998 1803 illud
1012 1759 1077 1802 non

131 1859 224 1929 potest
245 1851 415 1913 efficaciter
438 1850 568 1933 probari
592 1849 652 1912 nisi
676 1847 932 1912 auctoritatibus.

188 1956 296 2019 Primo
318 1957 513 2020 auctoritate
536 1955 690 2038 Apostoli
714 1957 757 2018 ad
781 1955 887 2018 Hebr.
903 1974 910 2015 :
924 1954 991 2015 sine
1004 1952 1078 2026 fide,

134 2059 232 2144 inquit,
255 2063 454 2146 impossibile
476 2073 525 2126 est
549 2065 675 2146 placere
700 2063 790 2137 Deo;
805 2071 840 2124 ut
856 2061 942 2125 enim
967 2079 1080 2143 argue-

133 2166 214 2231 batur
235 2172 275 2233 ad
299 2172 485 2254 principale,
510 2181 567 2233 aut
591 2171 654 2233 hoc
670 2170 747 2233 dicit
764 2170 947 2251 Apostolus
963 2169 1003 2229 de
1016 2167 1081 2229 fide

134 2278 274 2356 acquisita
295 2287 353 2340 aut
376 2278 418 2340 de
440 2277 505 2340 fide
528 2276 647 2353 inlusa;
673 2277 729 2339 sed
755 2296 819 2339 non
852 2277 893 2337 de
924 2275 1081 2356 acquisita

134 2382 198 2461 quia
220 2384 341 2465 parvuli
376 2384 530 2467 baptizati
565 2386 695 2466 placent
720 2382 793 2447 Deo
816 2392 849 2445 et
870 2401 934 2443 non
959 2378 1081 2442 habent

135 2484 220 2551 fidem
241 2491 449 2573 acquisitam;
472 2512 552 2574 ergo
575 2490 653 2554 dicit
677 2491 718 2552 de
743 2488 856 2552 inlusa.

191 2596 356 2673 Proeterca,
370 2598 553 2680 Apostolus
569 2598 617 2660 ad
631 2594 777 2660 Corinth.
792 2596 853 2657 ait:
868 2614 954 2657 nunc
970 2603 1080 2657 autem

136 2714 253 2766 manent
275 2704 364 2778 fides,
388 2725 473 2787 spes,
508 2704 665 2779 charitas;
705 2705 761 2765 sed
793 2711 922 2784 oportet
961 2720 1083 2783 ponere

135 2806 310 2874 charitatem
334 2809 489 2886 infusam;
513 2833 593 2893 ergo
615 2821 648 2874 et
672 2810 771 2872 fidem
796 2808 946 2871 inlusum.

191 2916 348 2981 Proeterca
383 2918 446 2979 hoc
483 2919 697 3000 persuadetur
730 2917 786 2980 tali
827 2917 964 2978 ratione:
1000 2914 1083 2976 sicut

134 3020 262 3086 elevatur
296 3026 449 3088 voluntas
486 3026 529 3087 ad
565 3023 664 3087 finem
703 3024 999 3106 supernaturalem,
1039 3021 1083 3082 ita

134 3128 262 3194 elevatur
275 3133 457 3194 intellectus
468 3132 510 3194 ad
527 3152 623 3194 suum
640 3132 806 3212 objectum
825 3129 1081 3213 super-naturum

135 3236 184 3295 sed
205 3239 350 3301 voluntas
373 3239 518 3301 elevatur
542 3260 599 3320 per
622 3238 773 3300 habitum
809 3236 951 3299 inlusum
987 3254 1083 3315 super

135 3340 311 3407 charitatem
346 3344 498 3420 infusam,
526 3346 570 3408 ita
604 3345 748 3407 similiter
773 3343 953 3405 intellectus
988 3362 1084 3421 super

135 3448 265 3531 aliquem
287 3452 437 3515 habitum
461 3450 618 3527 insusum3
642 3453 699 3513 sed
723 3450 794 3513 talis
808 3450 936 3512 habitus
953 3448 1086 3529 ponitur

136 3552 208 3617 fides
229 3557 346 3635 infusa,
370 3579 451 3641 ergo
473 3567 604 3640 oportet
637 3578 760 3639 ponere
793 3555 892 3619 fidem
928 3552 1083 3628 insnsam;

136 3670 225 3724 etex
246 3664 304 3728 ista
325 3664 534 3748 persuasione
563 3674 653 3747 patet
675 3663 718 3726 ad
741 3664 819 3745 quid
851 3662 982 3745 ponitur
1006 3659 1090 3722 fides
