2600 4200
223 227 262 274 22
442 205 517 272 Lm.
543 204 594 272 IV
620 206 927 274 Snuraurrnnun

896 317 1165 326 1“mnu-nuum„nuum-..0

289 495 424 558 Tertio
449 494 632 557 videndum
658 505 710 558 est
726 495 819 576 quod
834 494 1068 576 principaliter
1085 514 1164 575 pro-

198 603 397 683 ponebatur,
423 603 580 664 videlicet
605 605 632 664 si
659 604 694 664 in
728 604 985 665 circumcisione
1010 600 1163 663 coniere-

188 711 297 772 ‘batur
321 710 441 792 gratia.
468 708 519 772 Ibi
544 710 669 772 dicitur
692 710 891 790 tripliciter:

287 817 405 884 Primo,
434 817 620 879 secundum
645 818 736 878 viam
761 815 920 898 Magistri
938 817 997 886 sic,
1014 815 1107 896 quod
1122 817 1160 876 in

198 925 454 986 circumcisione
477 924 714 986 remittebatur
737 925 840 1005 culpa
863 924 923 984 sed
946 941 1014 984 non
1046 920 1160 984 conie-

198 1031 335 1093 rebatur
359 1033 479 1112 gratia.
505 1029 608 1093 Unde
631 1031 751 1113 glossa
774 1049 876 1111 super
901 1029 985 1092 illud
1007 1031 1053 1090 ad
1064 1029 1160 1090 Rom.

197 1158 226 1216 4.
253 1137 468 1220 signaculum
492 1139 623 1218 accepit
646 1139 924 1207 circumcisionis,
953 1137 1035 1198 dicit
1065 1137 1161 1216 quod

198 1254 374 1326 peccatum
398 1246 444 1305 ibi
469 1245 712 1315 dimittebatur,
738 1244 798 1306 sed
821 1246 934 1326 gratia
949 1243 1098 1324 adjutrix
1114 1244 1161 1305 ad

197 1353 283 1413 bene
306 1352 515 1431 operandum
540 1371 607 1414 non
632 1352 867 1432 praestabatur,
894 1349 1005 1412 -Et
1035 1350 1162 1431 Augu-

198 1461 318 1528 stinus
342 1465 438 1538 super
459 1460 584 1518 tilulum
609 1477 659 1537 73.
675 1458 793 1519 Psalm.
819 1458 901 1519 dicit
925 1457 1017 1539 quod
1041 1455 1162 1518 Sacra·

198 1575 313 1628 menta
335 1567 461 1627 veteris
485 1535 574 1647 legis
590 1565 834 1645 promittebant
850 1566 996 1646 gratiam
1013 1563 1072 1626 scd
1088 1583 1160 1626 non

198 1673 332 1735 dabant.
359 1671 444 1733 Item
472 1672 686 1734 circumcisio
716 1691 784 1734 non
819 1653 991 1752 aperiebat
1017 1672 1161 1752 januam

198 1780 367 1860 paradisi;
393 1779 452 1840 sed
476 1777 614 1841 habenti
640 1780 787 1860 gratiam
811 1788 905 1859 patet
925 1779 1030 1860 janua
1062 1797 1164 1858 para·

198 1887 274 1954 disi,
299 1888 380 1966 quia
403 1887 477 1947 sola
501 1888 612 1967 gratia
635 1886 759 1947 dividit
784 1887 872 1947 inter
894 1883 985 1946 filios
1007 1886 1105 1966 regni
1123 1896 1164 1947 et

198 1993 288 2055 filios
318 1994 529 2074 perditionis,
566 1993 752 2054 secundum
788 1992 1026 2074 Augustinum
1051 2010 1085 2067 3.
1120 1993 1164 2053 dc

208 2103 294 2162 Tria.
319 2121 343 2161 c.
369 2120 416 2178 19.

288 2209 362 2269 Alio
385 2210 471 2268 modo
495 2208 619 2269 dicitur
642 2206 735 2287 quod
758 2209 793 2268 in
809 2208 1066 2269 circumcisione
1080 2224 1164 2268 con·

199 2314 370 2377 ferebatur
393 2316 513 2396 gratia,
540 2334 606 2376 non
631 2324 745 2377 tamen
770 2314 1011 2395 principaliter,
1035 2314 1095 2375 sed
1110 2333 1163 2378 ex

199 2423 430 2503 consequenti,
456 2423 536 2503 quia
559 2423 772 2483 circumcisio
806 2420 1040 2502 principaliter
1069 2420 1163 2484 ordi·

200 2539 299 2591 natur
323 2529 366 2591 ad
389 2529 592 2590 deletionem
617 2530 747 2609 peccati
764 2527 953 2611 originalis,
970 2538 1004 2589 et
1020 2546 1065 2589 cx
1080 2546 1164 2591 con·

199 2638 353 2718 sequenti
379 2636 421 2697 ad
445 2638 592 2718 gratiam
617 2634 865 2714 conferendam.
891 2634 936 2696 Et
967 2654 1030 2716 pro
1060 2645 1163 2697 tanto

199 2745 323 2806 dicitur
347 2744 492 2825 gratiam
518 2762 585 2804 non
609 2742 772 2825 conferre,
797 2752 835 2805 ut
850 2744 947 2823 ponit
963 2744 1073 2823 prima
1087 2746 1165 2824 opi·

199 2854 266 2919 nio,
291 2852 372 2932 quia
395 2869 462 2911 non
488 2848 619 2911 confert
642 2868 717 2911 eam
751 2849 985 2933 principaliter
1018 2850 1078 2911 sed
1112 2870 1163 2913 ex

199 2959 429 3038 consequenti.
455 2956 501 3019 Et
525 2957 573 3019 sic
590 2957 771 3019 solvuntur
786 2958 1006 3019 auctoritates
1020 2976 1083 3037 pro
1098 2958 1164 3020 illa

199 3067 359 3145 opinione
384 3084 461 3145 quae
490 3066 706 3127 inducuntur.

289 3170 357 3233 Sed
381 3181 499 3233 contra
522 3172 586 3234 hoc
610 3173 777 3252 objicitur,
813 3173 894 3252 quia
927 3188 1036 3253 agens
1066 3174 1163 3251 quod

200 3281 273 3361 agit
296 3280 481 3341 secundum
506 3290 631 3341 rectam
656 3281 832 3346 rationem,
856 3279 969 3360 magis
992 3280 1164 3359 principa·

199 3387 276 3448 liter
299 3387 445 3447 intendit
460 3385 702 3466 perlectionem
720 3405 820 3467 quam
837 3386 1021 3447 carentiam
1039 3386 1165 3467 imper·

199 3492 375 3555 iectionis:
402 3494 461 3555 sed
486 3494 582 3555 Deus
606 3496 679 3575 agit
703 3493 889 3555 secundum
916 3501 1042 3554 rectam
1059 3494 1165 3556 ratio-

200 3618 292 3671 nem:
311 3619 394 3679 ergo
407 3601 630 3681 principalius
642 3601 786 3663 intendit
799 3600 1053 3682 perlectionem,
1070 3602 1166 3667 idest
