2600 4200
385 197 572 260 Drsrnvcr.
599 195 655 258 ΙΧ
679 196 831 277 Quaeso.
856 197 890 258 ΙΙ
1046 218 1104 274 113

165 396 242 439 esse
265 385 379 457 potest
404 395 494 436 nova
516 377 699 455 praesentia
726 374 888 455 Corporis
922 373 1049 437 Christi
1085 375 1128 435 ad

165 502 299 563 panem,
324 493 358 543 et
381 501 442 562 per
465 499 679 562 consequens
702 501 763 562 per
797 482 1129 544 transubstantiatio·

165 609 243 651 nem
267 609 335 650 non
360 589 504 650 habetur
528 589 587 650 illa
618 590 813 668 praesentia,
845 589 926 669 quia
961 589 1128 648 terminus

165 696 316 776 ejusdem
347 697 489 757 rationis
524 695 714 775 cujusmodi
748 705 801 759 est
835 696 1027 775 praesentia,
1059 713 1126 755 non

163 804 302 886 proprie
326 813 360 863 et
383 821 444 882 per
468 821 505 862 se
529 811 581 864 est
606 803 772 863 terminus
796 801 939 862 duarum
971 802 1128 862 mutatio·

165 929 246 970 num
271 909 508 970 distinctarum
533 909 719 968 secundum
744 926 864 988 genus.

256 1017 422 1083 Proeterea,
451 1015 543 1094 quod
566 1015 778 1076 convertitur
809 1016 843 1074 in
876 1014 1015 1093 aliquod
1046 1033 1129 1094 pra>-

164 1124 319 1184 existens
342 1123 455 1203 magis
480 1122 625 1201 acquirit
648 1121 863 1182 conditiones
889 1121 963 1200 ejus
990 1140 1128 1201 quame

163 1239 291 1290 contra.
317 1229 510 1306 Exemplum
534 1228 650 1308 hujus:
676 1229 704 1288 si
731 1229 975 1290 nutrimentum
989 1246 1127 1288 conver·

164 1345 256 1398 tatur
280 1337 314 1396 in
339 1354 486 1404 carnem,
521 1335 634 1416 magis
666 1336 836 1395 animatur
870 1336 984 1395 anima
1014 1335 1127 1394 carnis

164 1461 266 1522 quarn
291 1461 369 1503 caro
394 1439 594 1502 informetur
617 1439 727 1501 forma
751 1442 964 1512 nutrimenti;
982 1459 1066 1521 ergo
1082 1459 1127 1501 ex

164 1547 239 1609 sola
261 1550 485 1610 conversione
508 1549 608 1628 panis
624 1548 659 1607 in
672 1545 806 1627 Corpus
822 1546 947 1609 Christi
965 1547 1128 1627 praeexis·

163 1664 250 1724 tenS,
274 1655 388 1735 magis
412 1655 601 1734 acquireret
635 1653 736 1732 panis
768 1671 955 1714 conversus
979 1671 1124 1733 praesen·

162 1763 244 1822 tiam
270 1763 305 1821 in
329 1760 428 1831 coelo,
453 1779 555 1840 quam
579 1758 713 1840 Corpus
744 1757 871 1821 Christi
903 1761 1123 1838 praesentiam

163 1867 228 1929 sub
252 1869 365 1948 specie
392 1868 500 1946 panis.

253 1975 348 2034 Alius
381 1979 428 2033 esi
459 1973 566 2033 modas
601 1973 724 2033 dicendi
755 1991 857 2052 quern
893 1982 1003 2042 teneo,
1035 1973 1127 2052 quod

162 2089 277 2142 motus
301 2082 375 2141 sive
398 2082 542 2143 mutatio
567 2079 688 2141 localis
711 2089 763 2142 est
798 2078 939 2159 duplex,
971 2079 1125 2160 quaedam

162 2188 353 2263 deperdiiiua
366 2196 400 2248 et
416 2187 571 2267 quaedam
588 2189 783 2265 acquisitiva,
800 2188 888 2249 sicut
901 2186 1037 2266 quando
1049 2188 1127 2266 quis

162 2304 320 2355 movetur
343 2294 386 2355 de
409 2292 484 2354 loco
509 2312 577 2355 uno
601 2294 643 2353 ad
661 2294 765 2355 alium
782 2292 912 2373 aliquid
930 2292 1127 2373 deperditur

163 2410 197 2461 et
221 2400 350 2483 aliquid
375 2402 569 2481 acquiritur.
596 2400 693 2461 Talis
716 2402 807 2461 enim
843 2401 962 2469 ordine
998 2410 1127 2460 naturae

162 2517 320 2568 movetur
345 2508 387 2571 ab
410 2506 528 2568 habitu
554 2508 597 2570 ad
621 2508 860 2586 privationem,
893 2516 976 2585 puta
1004 2507 1046 2567 ab
1074 2507 1128 2565 ubi

163 2614 255 2692 quod
279 2616 375 2695 prius
398 2613 555 2684 habebat,
581 2614 624 2673 ad
648 2614 699 2673 ubz
723 2614 815 2693 quod
831 2614 927 2692 prius
943 2632 1010 2673 non
1028 2612 1127 2673 habe·

162 2720 232 2790 bat,
257 2730 291 2781 et
315 2719 390 2781 haec
413 2720 558 2781 mutatio
582 2720 707 2781 dicitur
729 2721 919 2797 deperditiva
947 2720 1081 2780 termini
1106 2742 1125 2779 a

162 2846 231 2903 quo,
260 2826 384 2888 dicitur
414 2837 527 2888 tamen
562 2829 747 2903 acquisitiva
782 2827 916 2887 termini
948 2826 993 2885 ad
1023 2846 1123 2903 quem.

163 2932 263 2995 Nunc
288 2943 400 2994 autem
434 2933 488 2993 hae
524 2935 601 2994 duae
637 2934 844 2995 mutationes
878 2934 958 2994 licet
988 2951 1126 2994 concur·

161 3049 239 3100 rant
263 3040 365 3100 simul
389 3041 424 3100 in
449 3059 516 3101 uno
540 3050 635 3100 motu
671 3039 771 3100 locali
806 3041 979 3112 continuo,
1012 3049 1125 3101 tamen

161 3145 334 3206 distinctae
358 3154 448 3215 sunt,
474 3158 508 3207 et
532 3148 580 3209 sic
604 3164 673 3207 una
695 3154 809 3225 potest
833 3144 966 3207 absolvi
991 3146 1034 3206 ab
1047 3146 1123 3217 alia,

162 3261 200 3312 ut
223 3253 429 3332 acquisitiva
452 3272 472 3312 a
495 3254 709 3333 deperditiva
732 3255 781 3319 sic
805 3253 896 3332 quod
921 3253 1051 3331 aliquid
1075 3272 1126 3325 ac·

162 3358 267 3437 quirit
291 3378 418 3420 novum
435 3360 547 3420 locum
561 3378 627 3419 non
641 3359 844 3419 dimittendo
860 3360 1019 3438 priorem,
1037 3360 1126 3421 sicut

160 3475 213 3525 est
237 3465 271 3525 in
296 3466 483 3544 proposito¹
509 3464 642 3544 Corpus
666 3466 756 3525 enirn
774 3463 900 3526 Christi
915 3466 1044 3544 absque
1060 3466 1124 3527 hoc

162 3572 253 3650 quod
278 3571 427 3631 dimittat
451 3571 506 3630 ubi
527 3572 619 3651 quod
643 3570 746 3631 habet
757 3573 812 3631 .·in
844 3572 943 3640 coelo,
980 3573 1125 3651 acquirit
